{
  "SeoMetaTags": {
    "Title": "Pantry | Woolworths",
    "MetaDescription": "Shop online for Woolworths' great range of Pantry products. Delivered straight to your door or Pick up from your local store.",
    "Groups": []
  },
  "Bundles": [
    {
      "Products": [
        {
          "TileID": 0,
          "Stockcode": 116980,
          "Barcode": "9335953000670",
          "GtinFormat": 13,
          "CupPrice": 3.93,
          "InstoreCupPrice": 3.93,
          "CupMeasure": "100G",
          "CupString": "$3.93 / 100G",
          "InstoreCupString": "$3.93 / 100G",
          "HasCupPrice": true,
          "InstoreHasCupPrice": true,
          "Price": 5.9,
          "InstorePrice": 5.9,
          "Name": "Food For Health Fruit Free Bars With Sea Salt & Caramel",
          "UrlFriendlyName": "food-for-health-fruit-free-bars-with-sea-salt-caramel",
          "Description": " Food For Health Fruit Free<br>Bars With Sea... 6 pack",
          "SmallImageFile": "https://cdn0.woolworths.media/content/wowproductimages/small/116980.jpg",
          "MediumImageFile": "https://cdn0.woolworths.media/content/wowproductimages/medium/116980.jpg",
          "LargeImageFile": "https://cdn0.woolworths.media/content/wowproductimages/large/116980.jpg",
          "IsNew": false,
          "IsOnSpecial": true,
          "InstoreIsOnSpecial": true,
          "IsEdrSpecial": false,
          "SavingsAmount": 1.1,
          "InstoreSavingsAmount": 1.1,
          "WasPrice": 7,
          "InstoreWasPrice": 7,
          "QuantityInTrolley": 0,
          "Unit": "Each",
          "MinimumQuantity": 1,
          "HasBeenBoughtBefore": false,
          "IsInTrolley": false,
          "Source": "Aisle.Pantry",
          "SupplyLimit": 36,
          "IsRanged": false,
          "IsInStock": true,
          "PackageSize": "6 pack",
          "IsPmDelivery": false,
          "IsForCollection": true,
          "IsForDelivery": true,
          "IsForExpress": false,
          "ProductRestrictionMessage": null,
          "ProductWarningMessage": null,
          "CentreTag": {
            "TagContent": null,
            "TagLink": null,
            "FallbackText": null,
            "TagType": "None",
            "MultibuyData": null
          },
          "IsCentreTag": false,
          "ImageTag": {
            "TagContent": "/content/promotiontags/roundel-special-200x200.png",
            "TagLink": "",
            "FallbackText": "On Special",
            "TagType": "None",
            "MultibuyData": null
          },
          "HeaderTag": {
            "BackgroundColor": "#fd0",
            "BorderColor": "#fd0",
            "TextColor": "#000",
            "Content": "Save $1.10",
            "TagLink": null,
            "Promotion": "Special"
          },
          "HasHeaderTag": true,
          "UnitWeightInGrams": 209,
          "SupplyLimitMessage": "'Food For Health Fruit Free Bars With Sea Salt & Caramel' has a supply limit of 36. The quantity in your cart has been reduced accordingly. To purchase a larger quantity, please contact us on 1800 000 610. Please note we do not supply trade orders.",
          "SmallFormatDescription": "Food For Health Fruit Free Bars With Sea Salt & Caramel",
          "FullDescription": "Food For Health Fruit Free Bars With Sea Salt & Caramel",
          "IsAvailable": true,
          "InstoreIsAvailable": true,
          "IsPurchasable": true,
          "InstoreIsPurchasable": true,
          "AgeRestricted": false,
          "DisplayQuantity": 1,
          "RichDescription": "If you are always on the look out for healthy snacks but refuse to compromise on flavour, try these delicious muesli bars.\n\nWith a hint of sweetness from the decadent chocolate drizzle and with a touch of saltiness, they are a gluten free taste sensation.",
          "IsDeliveryPass": false,
          "HideWasSavedPrice": false,
          "SapCategories": null,
          "Brand": "food for health",
          "IsRestrictedByDeliveryMethod": false,
          "FooterTag": {
            "TagContent": null,
            "TagLink": null,
            "FallbackText": null,
            "TagType": "None",
            "MultibuyData": null
          },
          "IsFooterEnabled": false,
          "Diagnostics": "1320",
          "IsBundle": false,
          "IsInFamily": false,
          "ChildProducts": [],
          "UrlOverride": null,
          "AdditionalAttributes": {
            "sapdepartmentname": "GROCERIES",
            "sapdepartmentno": "5",
            "sapcategoryname": "HEALTH FOODS",
            "sapcategoryno": "46",
            "sapsubcategoryname": "HEALTH FOOD SNACKING",
            "sapsubcategoryno": "6",
            "sapsegmentname": "LUNCHBOX",
            "sapsegmentno": "20",
            "specialsgroupid": null,
            "PiesProductDepartmentNodeId": "1_39FD49C",
            "PiesProductDepartmentsjson": "[{\"Id\":\"1_39FD49C\",\"Description\":\"Pantry\"}]",
            "piesdepartmentnamesjson": "[\"Pantry\"]",
            "piescategorynamesjson": "[\"Health Foods\"]",
            "piessubcategorynamesjson": "[\"Health Snacks & Drinks\",\"Health Breakfast Food & Spread\"]",
            "servingsize-total-nip": null,
            "servingsperpack-total-nip": null,
            "microwaveable": "False",
            "ovencook": "False",
            "vegetarian": "False",
            "freezable": "False",
            "containsnuts": "False",
            "containsgluten": "False",
            "description": "If you are always on the look out for healthy snacks but refuse to compromise on flavour, try these delicious muesli bars.\n\nWith a hint of sweetness from the decadent chocolate drizzle and with a touch of saltiness, they are a gluten free taste sensation.",
            "ingredients": "Brown Rice Syrup, Corn Flakes, Sugar Free Dark Chocolate Flavoured Coating (10%) [Maltitol, Vegetable Fat, Cocoa Powder, Soy Protein Isolate, Soy Lecithin, Milk, Natural Flavours], Pepitas, Roasted Diced Almonds, Puffed Rice, Rice Bran Oil, Puffed Sorghum, Puffed Millet, Natural Caramel Flavour (1.5%),  Chia Seeds, Sea Salt (0.6%).",
            "nutritionalinformation": "{\"Name\":\"Nutritional Information\",\"Attributes\":[{\"Id\":544,\"Name\":\"Servings Per Pack - Total - NIP\",\"Value\":\"6\",\"Description\":\"Servings Per Pack - Total - NIP\",\"SortOrder\":611}]}",
            "storageinstructions": "Store in a cool dry place.",
            "usageinstructions": null,
            "brand": "food for health",
            "manufacturer": null,
            "countryoforigin": null,
            "productheightmm": null,
            "productwidthmm": null,
            "productdepthmm": null,
            "wool_productpackaging": null,
            "recyclableinformation": null,
            "importantinformation": null,
            "allergencontains": "Milk, Soy, Tree Nuts",
            "allergenmaybepresent": "Lupin, Peanuts, Sesame",
            "allergystatement": "Gluten Free",
            "lifestyleanddietarystatement": "Gluten Free",
            "lifestyleclaim": "Free From Gluten, Coeliac, Kosher",
            "wool_dietaryclaim": "Fructose Free\rGluten Free",
            "boxedcontents": null,
            "suitablefor": null,
            "fragrance": null,
            "colour": null,
            "antioxidant": "False",
            "addedvitaminsandminerals": "False",
            "bpafree": "False",
            "sulfatefree": "False",
            "parabenfree": "False",
            "claims": null,
            "alcoholfree": null,
            "anti-dandruff": null,
            "dermatologicallyapproved": null,
            "dermatologistrecommended": null,
            "dermatologisttested": null,
            "fragrance-free": null,
            "haircolour": null,
            "hairtype": null,
            "hypo-allergenic": null,
            "non-comedogenic": null,
            "oilfree": null,
            "ophthalmologistapproved": null,
            "ophthalmologisttested": null,
            "paba-free": null,
            "skincondition": null,
            "skintype": null,
            "soap-free": null,
            "spf": null,
            "sweatresistant": null,
            "timer": null,
            "waterresistant": null,
            "phbalanced": null,
            "antiseptic": "False",
            "antibacterial": "False",
            "activeconstituents": null,
            "contains": null,
            "microwavesafe": "False",
            "productimagecount": "4",
            "friendlydisclaimer": null,
            "productimages": "116980.jpg,116980_2.jpg,116980_3.jpg,116980_4.jpg",
            "healthstarrating": "0",
            "tgawarnings": null,
            "vendorarticleid": null,
            "vendorcostprice": null,
            "tgawarning": null
          },
          "DetailsImagePaths": [
            "https://cdn0.woolworths.media/content/wowproductimages/large/116980.jpg",
            "https://cdn0.woolworths.media/content/wowproductimages/large/116980_2.jpg",
            "https://cdn0.woolworths.media/content/wowproductimages/large/116980_3.jpg",
            "https://cdn0.woolworths.media/content/wowproductimages/large/116980_4.jpg"
          ],
          "Variety": "& caramel",
          "Rating": {
            "ReviewCount": 0,
            "RatingCount": 0,
            "RatingSum": 0,
            "OneStarCount": 0,
            "TwoStarCount": 0,
            "ThreeStarCount": 0,
            "FourStarCount": 0,
            "FiveStarCount": 0,
            "Average": 0,
            "OneStarPercentage": 0,
            "TwoStarPercentage": 0,
            "ThreeStarPercentage": 0,
            "FourStarPercentage": 0,
            "FiveStarPercentage": 0
          },
          "HasProductSubs": false,
          "IsSponsoredAd": false,
          "AdID": null,
          "AdIndex": null,
          "ThirdPartyProductInfo": null,
          "MarketFeatures": null,
          "MarketSpecifications": null
        }
      ],
      "Name": "Food For Health Fruit Free Bars With Sea Salt & Caramel"
    },
    {
      "Products": [
        {
          "TileID": 0,
          "Stockcode": 54604,
          "Barcode": "6001069600846",
          "GtinFormat": 13,
          "CupPrice": 1.18,
          "InstoreCupPrice": 1.18,
          "CupMeasure": "100G",
          "CupString": "$1.18 / 100G",
          "InstoreCupString": "$1.18 / 100G",
          "HasCupPrice": true,
          "InstoreHasCupPrice": true,
          "Price": 5.9,
          "InstorePrice": 5.9,
          "Name": "Ouma Condensed Milk Rusks",
          "UrlFriendlyName": "ouma-condensed-milk-rusks",
          "Description": " Ouma Condensed Milk Rusks  500g",
          "SmallImageFile": "https://cdn0.woolworths.media/content/wowproductimages/small/054604.jpg",
          "MediumImageFile": "https://cdn0.woolworths.media/content/wowproductimages/medium/054604.jpg",
          "LargeImageFile": "https://cdn0.woolworths.media/content/wowproductimages/large/054604.jpg",
          "IsNew": false,
          "IsOnSpecial": true,
          "InstoreIsOnSpecial": true,
          "IsEdrSpecial": false,
          "SavingsAmount": 1.35,
          "InstoreSavingsAmount": 1.35,
          "WasPrice": 7.25,
          "InstoreWasPrice": 7.25,
          "QuantityInTrolley": 0,
          "Unit": "Each",
          "MinimumQuantity": 1,
          "HasBeenBoughtBefore": false,
          "IsInTrolley": false,
          "Source": "Aisle.Pantry",
          "SupplyLimit": 36,
          "IsRanged": false,
          "IsInStock": true,
          "PackageSize": "500g",
          "IsPmDelivery": false,
          "IsForCollection": true,
          "IsForDelivery": true,
          "IsForExpress": false,
          "ProductRestrictionMessage": null,
          "ProductWarningMessage": null,
          "CentreTag": {
            "TagContent": null,
            "TagLink": null,
            "FallbackText": null,
            "TagType": "None",
            "MultibuyData": null
          },
          "IsCentreTag": false,
          "ImageTag": {
            "TagContent": "/content/promotiontags/roundel-special-200x200.png",
            "TagLink": "",
            "FallbackText": "On Special",
            "TagType": "None",
            "MultibuyData": null
          },
          "HeaderTag": {
            "BackgroundColor": "#fd0",
            "BorderColor": "#fd0",
            "TextColor": "#000",
            "Content": "Save $1.35",
            "TagLink": null,
            "Promotion": "Special"
          },
          "HasHeaderTag": true,
          "UnitWeightInGrams": 500,
          "SupplyLimitMessage": "'Ouma Condensed Milk Rusks' has a supply limit of 36. The quantity in your cart has been reduced accordingly. To purchase a larger quantity, please contact us on 1800 000 610. Please note we do not supply trade orders.",
          "SmallFormatDescription": "Ouma Condensed Milk Rusks ",
          "FullDescription": "Ouma Condensed Milk Rusks ",
          "IsAvailable": true,
          "InstoreIsAvailable": true,
          "IsPurchasable": true,
          "InstoreIsPurchasable": true,
          "AgeRestricted": false,
          "DisplayQuantity": 1,
          "RichDescription": null,
          "IsDeliveryPass": false,
          "HideWasSavedPrice": false,
          "SapCategories": null,
          "Brand": "ouma",
          "IsRestrictedByDeliveryMethod": false,
          "FooterTag": {
            "TagContent": null,
            "TagLink": null,
            "FallbackText": null,
            "TagType": "None",
            "MultibuyData": null
          },
          "IsFooterEnabled": false,
          "Diagnostics": "1321",
          "IsBundle": false,
          "IsInFamily": false,
          "ChildProducts": [],
          "UrlOverride": null,
          "AdditionalAttributes": {
            "sapdepartmentname": "GROCERIES",
            "sapdepartmentno": "5",
            "sapcategoryname": "ETHNIC / GOURMET FOOD",
            "sapcategoryno": "79",
            "sapsubcategoryname": "SOUTH AFRICAN",
            "sapsubcategoryno": "150",
            "sapsegmentname": "INGREDIENTS",
            "sapsegmentno": "1",
            "specialsgroupid": null,
            "PiesProductDepartmentNodeId": "1_39FD49C",
            "PiesProductDepartmentsjson": "[{\"Id\":\"1_39FD49C\",\"Description\":\"Pantry\"}]",
            "piesdepartmentnamesjson": "[\"Pantry\"]",
            "piescategorynamesjson": "[\"International Foods\"]",
            "piessubcategorynamesjson": "[\"South African\"]",
            "servingsize-total-nip": null,
            "servingsperpack-total-nip": null,
            "microwaveable": "False",
            "ovencook": "False",
            "vegetarian": "False",
            "freezable": "False",
            "containsnuts": "False",
            "containsgluten": "False",
            "description": null,
            "ingredients": null,
            "nutritionalinformation": null,
            "storageinstructions": null,
            "usageinstructions": null,
            "brand": "ouma",
            "manufacturer": null,
            "countryoforigin": null,
            "productheightmm": null,
            "productwidthmm": null,
            "productdepthmm": null,
            "wool_productpackaging": null,
            "recyclableinformation": null,
            "importantinformation": null,
            "allergencontains": null,
            "allergenmaybepresent": null,
            "allergystatement": null,
            "lifestyleanddietarystatement": null,
            "lifestyleclaim": null,
            "wool_dietaryclaim": null,
            "boxedcontents": null,
            "suitablefor": null,
            "fragrance": null,
            "colour": null,
            "antioxidant": "False",
            "addedvitaminsandminerals": "False",
            "bpafree": "False",
            "sulfatefree": "False",
            "parabenfree": "False",
            "claims": null,
            "alcoholfree": null,
            "anti-dandruff": null,
            "dermatologicallyapproved": null,
            "dermatologistrecommended": null,
            "dermatologisttested": null,
            "fragrance-free": null,
            "haircolour": null,
            "hairtype": null,
            "hypo-allergenic": null,
            "non-comedogenic": null,
            "oilfree": null,
            "ophthalmologistapproved": null,
            "ophthalmologisttested": null,
            "paba-free": null,
            "skincondition": null,
            "skintype": null,
            "soap-free": null,
            "spf": null,
            "sweatresistant": null,
            "timer": null,
            "waterresistant": null,
            "phbalanced": null,
            "antiseptic": "False",
            "antibacterial": "False",
            "activeconstituents": null,
            "contains": null,
            "microwavesafe": "False",
            "productimagecount": "1",
            "friendlydisclaimer": null,
            "productimages": "54604.jpg",
            "healthstarrating": "0",
            "tgawarnings": null,
            "vendorarticleid": null,
            "vendorcostprice": null,
            "tgawarning": null
          },
          "DetailsImagePaths": [
            "https://cdn0.woolworths.media/content/wowproductimages/large/054604.jpg"
          ],
          "Variety": null,
          "Rating": {
            "ReviewCount": 0,
            "RatingCount": 0,
            "RatingSum": 0,
            "OneStarCount": 0,
            "TwoStarCount": 0,
            "ThreeStarCount": 0,
            "FourStarCount": 0,
            "FiveStarCount": 0,
            "Average": 0,
            "OneStarPercentage": 0,
            "TwoStarPercentage": 0,
            "ThreeStarPercentage": 0,
            "FourStarPercentage": 0,
            "FiveStarPercentage": 0
          },
          "HasProductSubs": false,
          "IsSponsoredAd": false,
          "AdID": null,
          "AdIndex": null,
          "ThirdPartyProductInfo": null,
          "MarketFeatures": null,
          "MarketSpecifications": null
        }
      ],
      "Name": "Ouma Condensed Milk Rusks"
    },
    {
      "Products": [
        {
          "TileID": 0,
          "Stockcode": 720228,
          "Barcode": "9336595001018",
          "GtinFormat": 13,
          "CupPrice": 47.2,
          "InstoreCupPrice": 47.2,
          "CupMeasure": "1KG",
          "CupString": "$47.20 / 1KG",
          "InstoreCupString": "$47.20 / 1KG",
          "HasCupPrice": true,
          "InstoreHasCupPrice": true,
          "Price": 5.9,
          "InstorePrice": 5.9,
          "Name": "Good Fish Wild Caught Skipjack Tuna In Organic Olive Oil Tin",
          "UrlFriendlyName": "good-fish-wild-caught-skipjack-tuna-in-organic-olive-oil-tin",
          "Description": " Good Fish Wild Caught<br>Skipjack Tuna In... 125g",
          "SmallImageFile": "https://cdn0.woolworths.media/content/wowproductimages/small/720228.jpg",
          "MediumImageFile": "https://cdn0.woolworths.media/content/wowproductimages/medium/720228.jpg",
          "LargeImageFile": "https://cdn0.woolworths.media/content/wowproductimages/large/720228.jpg",
          "IsNew": false,
          "IsOnSpecial": false,
          "InstoreIsOnSpecial": false,
          "IsEdrSpecial": false,
          "SavingsAmount": 0,
          "InstoreSavingsAmount": 0,
          "WasPrice": 5.9,
          "InstoreWasPrice": 5.9,
          "QuantityInTrolley": 0,
          "Unit": "Each",
          "MinimumQuantity": 1,
          "HasBeenBoughtBefore": false,
          "IsInTrolley": false,
          "Source": "Aisle.Pantry",
          "SupplyLimit": 36,
          "IsRanged": false,
          "IsInStock": true,
          "PackageSize": "125g",
          "IsPmDelivery": false,
          "IsForCollection": true,
          "IsForDelivery": true,
          "IsForExpress": false,
          "ProductRestrictionMessage": null,
          "ProductWarningMessage": null,
          "CentreTag": {
            "TagContent": null,
            "TagLink": null,
            "FallbackText": null,
            "TagType": "None",
            "MultibuyData": null
          },
          "IsCentreTag": false,
          "ImageTag": {
            "TagContent": null,
            "TagLink": null,
            "FallbackText": "",
            "TagType": "None",
            "MultibuyData": null
          },
          "HeaderTag": null,
          "HasHeaderTag": false,
          "UnitWeightInGrams": 125,
          "SupplyLimitMessage": "'Good Fish Wild Caught Skipjack Tuna In Organic Olive Oil Tin' has a supply limit of 36. The quantity in your cart has been reduced accordingly. To purchase a larger quantity, please contact us on 1800 000 610. Please note we do not supply trade orders.",
          "SmallFormatDescription": "Good Fish Wild Caught Skipjack Tuna In Organic Olive Oil Tin",
          "FullDescription": "Good Fish Wild Caught Skipjack Tuna In Organic Olive Oil Tin",
          "IsAvailable": true,
          "InstoreIsAvailable": true,
          "IsPurchasable": true,
          "InstoreIsPurchasable": true,
          "AgeRestricted": false,
          "DisplayQuantity": 1,
          "RichDescription": "<p>Hand Filleted Skipjack Tuna from Sustainably Managed Fisheries</p><p>This quality Skipjack Tuna is preserved in one of the finest Organic Extra Virgin Olive Oils from Spain. The tuna is caught by fishermen working in a sustainably managed fishery (FAO 34) using only one hook and one line per fish, which ensures the long-term availability of this food source.</p><p>Once brought to land the fresh tuna is prepared by hand using Spanish artisan skills. The combination of using top quality fresh ingredients and traditional skills results in a product with outstanding flavour and texture.</p><p>Enjoy!</p>",
          "IsDeliveryPass": false,
          "HideWasSavedPrice": false,
          "SapCategories": null,
          "Brand": "good fish",
          "IsRestrictedByDeliveryMethod": false,
          "FooterTag": {
            "TagContent": null,
            "TagLink": null,
            "FallbackText": null,
            "TagType": "None",
            "MultibuyData": null
          },
          "IsFooterEnabled": false,
          "Diagnostics": "1322",
          "IsBundle": false,
          "IsInFamily": false,
          "ChildProducts": [],
          "UrlOverride": null,
          "AdditionalAttributes": {
            "sapdepartmentname": "GROCERIES",
            "sapdepartmentno": "5",
            "sapcategoryname": "ETHNIC / GOURMET FOOD",
            "sapcategoryno": "79",
            "sapsubcategoryname": "SPECIALTY FOODS",
            "sapsubcategoryno": "54",
            "sapsegmentname": "THOMAS DUX",
            "sapsegmentno": "49",
            "specialsgroupid": null,
            "PiesProductDepartmentNodeId": "1_39FD49C",
            "PiesProductDepartmentsjson": "[{\"Id\":\"1_39FD49C\",\"Description\":\"Pantry\"}]",
            "piesdepartmentnamesjson": "[\"Pantry\"]",
            "piescategorynamesjson": "[\"Canned Food & Instant Meals\"]",
            "piessubcategorynamesjson": "[\"Canned Salmon & Seafood\"]",
            "servingsize-total-nip": null,
            "servingsperpack-total-nip": null,
            "microwaveable": "False",
            "ovencook": "False",
            "vegetarian": "False",
            "freezable": "False",
            "containsnuts": "False",
            "containsgluten": "False",
            "description": "<p>Hand Filleted Skipjack Tuna from Sustainably Managed Fisheries</p><p>This quality Skipjack Tuna is preserved in one of the finest Organic Extra Virgin Olive Oils from Spain. The tuna is caught by fishermen working in a sustainably managed fishery (FAO 34) using only one hook and one line per fish, which ensures the long-term availability of this food source.</p><p>Once brought to land the fresh tuna is prepared by hand using Spanish artisan skills. The combination of using top quality fresh ingredients and traditional skills results in a product with outstanding flavour and texture.</p><p>Enjoy!</p>",
            "ingredients": "Skipjack Tuna Fillets, Organic Extra Virgin Olive Oil 35%, Salt.",
            "nutritionalinformation": "{\"Name\":\"Nutritional Information\",\"Attributes\":[{\"Id\":705,\"Name\":\"Carbohydrate Quantity Per 100g - Total - NIP\",\"Value\":\"<1.0g\",\"Description\":\"Carbohydrate Quantity Per 100g - Total - NIP\",\"SortOrder\":83},{\"Id\":706,\"Name\":\"Carbohydrate Quantity Per Serve - Total - NIP\",\"Value\":\"<1.0g\",\"Description\":\"Carbohydrate Quantity Per Serve - Total - NIP\",\"SortOrder\":87},{\"Id\":759,\"Name\":\"Energy kJ Quantity Per 100g - Total - NIP\",\"Value\":\"900.3kJ\",\"Description\":\"Energy kJ Quantity Per 100g - Total - NIP\",\"SortOrder\":239},{\"Id\":760,\"Name\":\"Energy kJ Quantity Per Serve - Total - NIP\",\"Value\":\"225.1kJ\",\"Description\":\"Energy kJ Quantity Per Serve - Total - NIP\",\"SortOrder\":243},{\"Id\":253,\"Name\":\"Fat Saturated Quantity Per 100g - Total - NIP\",\"Value\":\"1.9g\",\"Description\":\"Fat Saturated Quantity Per 100g - Total - NIP\",\"SortOrder\":251},{\"Id\":258,\"Name\":\"Fat Saturated Quantity Per Serve - Total - NIP\",\"Value\":\"0.48g\",\"Description\":\"Fat Saturated Quantity Per Serve - Total - NIP\",\"SortOrder\":255},{\"Id\":764,\"Name\":\"Fat Total Quantity Per 100g - Total - NIP\",\"Value\":\"12.6g\",\"Description\":\"Fat Total Quantity Per 100g - Total - NIP\",\"SortOrder\":263},{\"Id\":264,\"Name\":\"Fat Total Quantity Per Serve - Total - NIP\",\"Value\":\"3.15g\",\"Description\":\"Fat Total Quantity Per Serve - Total - NIP\",\"SortOrder\":267},{\"Id\":878,\"Name\":\"Protein Quantity Per 100g - Total - NIP\",\"Value\":\"25.5g\",\"Description\":\"Protein Quantity Per 100g - Total - NIP\",\"SortOrder\":587},{\"Id\":882,\"Name\":\"Protein Quantity Per Serve - Total - NIP\",\"Value\":\"6.37g\",\"Description\":\"Protein Quantity Per Serve - Total - NIP\",\"SortOrder\":591},{\"Id\":477,\"Name\":\"Serving Size - Total - NIP\",\"Value\":\"25g\",\"Description\":\"Serving Size - Total - NIP\",\"SortOrder\":607},{\"Id\":544,\"Name\":\"Servings Per Pack - Total - NIP\",\"Value\":\"5\",\"Description\":\"Servings Per Pack - Total - NIP\",\"SortOrder\":611},{\"Id\":491,\"Name\":\"Sodium Quantity Per 100g - Total - NIP\",\"Value\":\"165.8mg\",\"Description\":\"Sodium Quantity Per 100g - Total - NIP\",\"SortOrder\":623},{\"Id\":495,\"Name\":\"Sodium Quantity Per Serve - Total - NIP\",\"Value\":\"41.45mg\",\"Description\":\"Sodium Quantity Per Serve - Total - NIP\",\"SortOrder\":627},{\"Id\":907,\"Name\":\"Sugars Quantity Per 100g - Prefix - NIP\",\"Value\":\"<\",\"Description\":\"Sugars Quantity Per 100g - Prefix - NIP\",\"SortOrder\":645},{\"Id\":908,\"Name\":\"Sugars Quantity Per 100g - SuffixUnits - NIP\",\"Value\":\"g\",\"Description\":\"Sugars Quantity Per 100g - SuffixUnits - NIP\",\"SortOrder\":646},{\"Id\":909,\"Name\":\"Sugars Quantity Per 100g - Total - NIP\",\"Value\":\"<1.0g\",\"Description\":\"Sugars Quantity Per 100g - Total - NIP\",\"SortOrder\":647},{\"Id\":910,\"Name\":\"Sugars Quantity Per 100g - ValueWord - NIP\",\"Value\":\"1.0\",\"Description\":\"Sugars Quantity Per 100g - ValueWord - NIP\",\"SortOrder\":648},{\"Id\":504,\"Name\":\"Sugars Quantity Per Serve - Prefix - NIP\",\"Value\":\"<\",\"Description\":\"Sugars Quantity Per Serve - Prefix - NIP\",\"SortOrder\":649},{\"Id\":911,\"Name\":\"Sugars Quantity Per Serve - SuffixUnits - NIP\",\"Value\":\"g\",\"Description\":\"Sugars Quantity Per Serve - SuffixUnits - NIP\",\"SortOrder\":650},{\"Id\":912,\"Name\":\"Sugars Quantity Per Serve - Total - NIP\",\"Value\":\"<1.0g\",\"Description\":\"Sugars Quantity Per Serve - Total - NIP\",\"SortOrder\":651},{\"Id\":572,\"Name\":\"Sugars Quantity Per Serve - ValueWord - NIP\",\"Value\":\"1.0\",\"Description\":\"Sugars Quantity Per Serve - ValueWord - NIP\",\"SortOrder\":652}]}",
            "storageinstructions": null,
            "usageinstructions": null,
            "brand": "good fish",
            "manufacturer": null,
            "countryoforigin": null,
            "productheightmm": null,
            "productwidthmm": null,
            "productdepthmm": null,
            "wool_productpackaging": null,
            "recyclableinformation": null,
            "importantinformation": null,
            "allergencontains": "Fish",
            "allergenmaybepresent": null,
            "allergystatement": "Wheat Free",
            "lifestyleanddietarystatement": "Source of Protein",
            "lifestyleclaim": "Sustainably Sourced",
            "wool_dietaryclaim": null,
            "boxedcontents": null,
            "suitablefor": null,
            "fragrance": null,
            "colour": null,
            "antioxidant": "False",
            "addedvitaminsandminerals": "False",
            "bpafree": "False",
            "sulfatefree": "False",
            "parabenfree": "False",
            "claims": null,
            "alcoholfree": null,
            "anti-dandruff": null,
            "dermatologicallyapproved": null,
            "dermatologistrecommended": null,
            "dermatologisttested": null,
            "fragrance-free": null,
            "haircolour": null,
            "hairtype": null,
            "hypo-allergenic": null,
            "non-comedogenic": null,
            "oilfree": null,
            "ophthalmologistapproved": null,
            "ophthalmologisttested": null,
            "paba-free": null,
            "skincondition": null,
            "skintype": null,
            "soap-free": null,
            "spf": null,
            "sweatresistant": null,
            "timer": null,
            "waterresistant": null,
            "phbalanced": null,
            "antiseptic": "False",
            "antibacterial": "False",
            "activeconstituents": null,
            "contains": null,
            "microwavesafe": "False",
            "productimagecount": "5",
            "friendlydisclaimer": null,
            "productimages": "720228_1.jpg,720228_2.jpg,720228_5.jpg,720228_6.jpg,720228.jpg",
            "healthstarrating": "0",
            "tgawarnings": null,
            "vendorarticleid": null,
            "vendorcostprice": null,
            "tgawarning": null
          },
          "DetailsImagePaths": [
            "https://cdn0.woolworths.media/content/wowproductimages/large/720228.jpg",
            "https://cdn0.woolworths.media/content/wowproductimages/large/720228_1.jpg",
            "https://cdn0.woolworths.media/content/wowproductimages/large/720228_2.jpg",
            "https://cdn0.woolworths.media/content/wowproductimages/large/720228_5.jpg",
            "https://cdn0.woolworths.media/content/wowproductimages/large/720228_6.jpg"
          ],
          "Variety": "in organic olive oil tin",
          "Rating": {
            "ReviewCount": 0,
            "RatingCount": 0,
            "RatingSum": 0,
            "OneStarCount": 0,
            "TwoStarCount": 0,
            "ThreeStarCount": 0,
            "FourStarCount": 0,
            "FiveStarCount": 0,
            "Average": 0,
            "OneStarPercentage": 0,
            "TwoStarPercentage": 0,
            "ThreeStarPercentage": 0,
            "FourStarPercentage": 0,
            "FiveStarPercentage": 0
          },
          "HasProductSubs": false,
          "IsSponsoredAd": false,
          "AdID": null,
          "AdIndex": null,
          "ThirdPartyProductInfo": null,
          "MarketFeatures": null,
          "MarketSpecifications": null
        }
      ],
      "Name": "Good Fish Wild Caught Skipjack Tuna In Organic Olive Oil Tin"
    },
    {
      "Products": [
        {
          "TileID": 0,
          "Stockcode": 39488,
          "Barcode": "9300645060072",
          "GtinFormat": 13,
          "CupPrice": 29,
          "InstoreCupPrice": 29,
          "CupMeasure": "1KG",
          "CupString": "$29.00 / 1KG",
          "InstoreCupString": "$29.00 / 1KG",
          "HasCupPrice": true,
          "InstoreHasCupPrice": true,
          "Price": 5.8,
          "InstorePrice": 5.8,
          "Name": "Plumrose Ham Leg",
          "UrlFriendlyName": "plumrose-ham-leg",
          "Description": " Plumrose Ham Leg 200g",
          "SmallImageFile": "https://cdn0.woolworths.media/content/wowproductimages/small/039488.jpg",
          "MediumImageFile": "https://cdn0.woolworths.media/content/wowproductimages/medium/039488.jpg",
          "LargeImageFile": "https://cdn0.woolworths.media/content/wowproductimages/large/039488.jpg",
          "IsNew": false,
          "IsOnSpecial": false,
          "InstoreIsOnSpecial": false,
          "IsEdrSpecial": false,
          "SavingsAmount": 0,
          "InstoreSavingsAmount": 0,
          "WasPrice": 5.8,
          "InstoreWasPrice": 5.8,
          "QuantityInTrolley": 0,
          "Unit": "Each",
          "MinimumQuantity": 1,
          "HasBeenBoughtBefore": false,
          "IsInTrolley": false,
          "Source": "Aisle.Pantry",
          "SupplyLimit": 36,
          "IsRanged": false,
          "IsInStock": true,
          "PackageSize": "200g",
          "IsPmDelivery": false,
          "IsForCollection": true,
          "IsForDelivery": true,
          "IsForExpress": false,
          "ProductRestrictionMessage": null,
          "ProductWarningMessage": null,
          "CentreTag": {
            "TagContent": null,
            "TagLink": null,
            "FallbackText": null,
            "TagType": "None",
            "MultibuyData": null
          },
          "IsCentreTag": false,
          "ImageTag": {
            "TagContent": null,
            "TagLink": null,
            "FallbackText": "",
            "TagType": "None",
            "MultibuyData": null
          },
          "HeaderTag": null,
          "HasHeaderTag": false,
          "UnitWeightInGrams": 200,
          "SupplyLimitMessage": "'Plumrose Ham Leg' has a supply limit of 36. The quantity in your cart has been reduced accordingly. To purchase a larger quantity, please contact us on 1800 000 610. Please note we do not supply trade orders.",
          "SmallFormatDescription": "Plumrose Ham Leg",
          "FullDescription": "Plumrose Ham Leg",
          "IsAvailable": true,
          "InstoreIsAvailable": true,
          "IsPurchasable": true,
          "InstoreIsPurchasable": true,
          "AgeRestricted": false,
          "DisplayQuantity": 1,
          "RichDescription": "Plumrose Leg Ham is gluten free. <br> <p>Good source of protein.</p><p>Lean leg ham.</p>",
          "IsDeliveryPass": false,
          "HideWasSavedPrice": false,
          "SapCategories": null,
          "Brand": "plumrose",
          "IsRestrictedByDeliveryMethod": false,
          "FooterTag": {
            "TagContent": null,
            "TagLink": null,
            "FallbackText": null,
            "TagType": "None",
            "MultibuyData": null
          },
          "IsFooterEnabled": false,
          "Diagnostics": "1323",
          "IsBundle": false,
          "IsInFamily": false,
          "ChildProducts": [],
          "UrlOverride": null,
          "AdditionalAttributes": {
            "sapdepartmentname": "GROCERIES",
            "sapdepartmentno": "5",
            "sapcategoryname": "PREPARED FOODS",
            "sapcategoryno": "83",
            "sapsubcategoryname": "PREPARED MEALS LONG LIFE",
            "sapsubcategoryno": "80",
            "sapsegmentname": "HAM",
            "sapsegmentno": "14",
            "specialsgroupid": null,
            "PiesProductDepartmentNodeId": "1_39FD49C",
            "PiesProductDepartmentsjson": "[{\"Id\":\"1_39FD49C\",\"Description\":\"Pantry\"}]",
            "piesdepartmentnamesjson": "[\"Pantry\"]",
            "piescategorynamesjson": "[\"Canned Food & Instant Meals\"]",
            "piessubcategorynamesjson": "[\"Canned Meat\"]",
            "servingsize-total-nip": null,
            "servingsperpack-total-nip": null,
            "microwaveable": "False",
            "ovencook": "False",
            "vegetarian": "False",
            "freezable": "False",
            "containsnuts": "False",
            "containsgluten": "False",
            "description": "Plumrose Leg Ham is gluten free. <br> <p>Good source of protein.</p><p>Lean leg ham.</p>",
            "ingredients": "Pork (84%), Water, Salt, Acidity Regulator (451), Thickener (Carrageenan), Antioxidant (316), Colour Fixative (Sodium Nitrite).",
            "nutritionalinformation": "{\"Name\":\"Nutritional Information\",\"Attributes\":[{\"Id\":705,\"Name\":\"Carbohydrate Quantity Per 100g - Total - NIP\",\"Value\":\"1.0g\",\"Description\":\"Carbohydrate Quantity Per 100g - Total - NIP\",\"SortOrder\":83},{\"Id\":706,\"Name\":\"Carbohydrate Quantity Per Serve - Total - NIP\",\"Value\":\"1.0g\",\"Description\":\"Carbohydrate Quantity Per Serve - Total - NIP\",\"SortOrder\":87},{\"Id\":759,\"Name\":\"Energy kJ Quantity Per 100g - Total - NIP\",\"Value\":\"575kJ\",\"Description\":\"Energy kJ Quantity Per 100g - Total - NIP\",\"SortOrder\":239},{\"Id\":760,\"Name\":\"Energy kJ Quantity Per Serve - Total - NIP\",\"Value\":\"575kJ\",\"Description\":\"Energy kJ Quantity Per Serve - Total - NIP\",\"SortOrder\":243},{\"Id\":253,\"Name\":\"Fat Saturated Quantity Per 100g - Total - NIP\",\"Value\":\"2.9g\",\"Description\":\"Fat Saturated Quantity Per 100g - Total - NIP\",\"SortOrder\":251},{\"Id\":258,\"Name\":\"Fat Saturated Quantity Per Serve - Total - NIP\",\"Value\":\"2.9g\",\"Description\":\"Fat Saturated Quantity Per Serve - Total - NIP\",\"SortOrder\":255},{\"Id\":764,\"Name\":\"Fat Total Quantity Per 100g - Total - NIP\",\"Value\":\"7.5g\",\"Description\":\"Fat Total Quantity Per 100g - Total - NIP\",\"SortOrder\":263},{\"Id\":264,\"Name\":\"Fat Total Quantity Per Serve - Total - NIP\",\"Value\":\"7.5g\",\"Description\":\"Fat Total Quantity Per Serve - Total - NIP\",\"SortOrder\":267},{\"Id\":878,\"Name\":\"Protein Quantity Per 100g - Total - NIP\",\"Value\":\"16.5g\",\"Description\":\"Protein Quantity Per 100g - Total - NIP\",\"SortOrder\":587},{\"Id\":882,\"Name\":\"Protein Quantity Per Serve - Total - NIP\",\"Value\":\"16.5g\",\"Description\":\"Protein Quantity Per Serve - Total - NIP\",\"SortOrder\":591},{\"Id\":477,\"Name\":\"Serving Size - Total - NIP\",\"Value\":\"100g\",\"Description\":\"Serving Size - Total - NIP\",\"SortOrder\":607},{\"Id\":544,\"Name\":\"Servings Per Pack - Total - NIP\",\"Value\":\"2\",\"Description\":\"Servings Per Pack - Total - NIP\",\"SortOrder\":611},{\"Id\":491,\"Name\":\"Sodium Quantity Per 100g - Total - NIP\",\"Value\":\"926mg\",\"Description\":\"Sodium Quantity Per 100g - Total - NIP\",\"SortOrder\":623},{\"Id\":495,\"Name\":\"Sodium Quantity Per Serve - Total - NIP\",\"Value\":\"926mg\",\"Description\":\"Sodium Quantity Per Serve - Total - NIP\",\"SortOrder\":627},{\"Id\":907,\"Name\":\"Sugars Quantity Per 100g - Prefix - NIP\",\"Value\":\"\",\"Description\":\"Sugars Quantity Per 100g - Prefix - NIP\",\"SortOrder\":645},{\"Id\":908,\"Name\":\"Sugars Quantity Per 100g - SuffixUnits - NIP\",\"Value\":\"g\",\"Description\":\"Sugars Quantity Per 100g - SuffixUnits - NIP\",\"SortOrder\":646},{\"Id\":909,\"Name\":\"Sugars Quantity Per 100g - Total - NIP\",\"Value\":\"0.0g\",\"Description\":\"Sugars Quantity Per 100g - Total - NIP\",\"SortOrder\":647},{\"Id\":910,\"Name\":\"Sugars Quantity Per 100g - ValueWord - NIP\",\"Value\":\"0.0\",\"Description\":\"Sugars Quantity Per 100g - ValueWord - NIP\",\"SortOrder\":648},{\"Id\":504,\"Name\":\"Sugars Quantity Per Serve - Prefix - NIP\",\"Value\":\"\",\"Description\":\"Sugars Quantity Per Serve - Prefix - NIP\",\"SortOrder\":649},{\"Id\":911,\"Name\":\"Sugars Quantity Per Serve - SuffixUnits - NIP\",\"Value\":\"g\",\"Description\":\"Sugars Quantity Per Serve - SuffixUnits - NIP\",\"SortOrder\":650},{\"Id\":912,\"Name\":\"Sugars Quantity Per Serve - Total - NIP\",\"Value\":\"0.0g\",\"Description\":\"Sugars Quantity Per Serve - Total - NIP\",\"SortOrder\":651},{\"Id\":572,\"Name\":\"Sugars Quantity Per Serve - ValueWord - NIP\",\"Value\":\"0.0\",\"Description\":\"Sugars Quantity Per Serve - ValueWord - NIP\",\"SortOrder\":652}]}",
            "storageinstructions": "Store in a cool dry place away from extreme heat light and humidity. Once opened store refrigerated below 4C, in non-metallic sealed container and consume within 2 days.",
            "usageinstructions": null,
            "brand": "plumrose",
            "manufacturer": null,
            "countryoforigin": null,
            "productheightmm": null,
            "productwidthmm": null,
            "productdepthmm": null,
            "wool_productpackaging": null,
            "recyclableinformation": null,
            "importantinformation": null,
            "allergencontains": null,
            "allergenmaybepresent": null,
            "allergystatement": "Lupin Free",
            "lifestyleanddietarystatement": "Source of Iron",
            "lifestyleclaim": null,
            "wool_dietaryclaim": "High Protein",
            "boxedcontents": null,
            "suitablefor": null,
            "fragrance": null,
            "colour": null,
            "antioxidant": "False",
            "addedvitaminsandminerals": "False",
            "bpafree": "False",
            "sulfatefree": "False",
            "parabenfree": "False",
            "claims": null,
            "alcoholfree": null,
            "anti-dandruff": null,
            "dermatologicallyapproved": null,
            "dermatologistrecommended": null,
            "dermatologisttested": null,
            "fragrance-free": null,
            "haircolour": null,
            "hairtype": null,
            "hypo-allergenic": null,
            "non-comedogenic": null,
            "oilfree": null,
            "ophthalmologistapproved": null,
            "ophthalmologisttested": null,
            "paba-free": null,
            "skincondition": null,
            "skintype": null,
            "soap-free": null,
            "spf": null,
            "sweatresistant": null,
            "timer": null,
            "waterresistant": null,
            "phbalanced": null,
            "antiseptic": "False",
            "antibacterial": "False",
            "activeconstituents": null,
            "contains": null,
            "microwavesafe": "False",
            "productimagecount": "6",
            "friendlydisclaimer": null,
            "productimages": "39488.jpg,39488_1.jpg,39488_2.jpg,39488_3.jpg,39488_4.jpg,39488_5.jpg",
            "healthstarrating": "0",
            "tgawarnings": null,
            "vendorarticleid": null,
            "vendorcostprice": null,
            "tgawarning": null
          },
          "DetailsImagePaths": [
            "https://cdn0.woolworths.media/content/wowproductimages/large/039488.jpg",
            "https://cdn0.woolworths.media/content/wowproductimages/large/039488_1.jpg",
            "https://cdn0.woolworths.media/content/wowproductimages/large/039488_2.jpg",
            "https://cdn0.woolworths.media/content/wowproductimages/large/039488_3.jpg",
            "https://cdn0.woolworths.media/content/wowproductimages/large/039488_4.jpg",
            "https://cdn0.woolworths.media/content/wowproductimages/large/039488_5.jpg"
          ],
          "Variety": "leg",
          "Rating": {
            "ReviewCount": 0,
            "RatingCount": 0,
            "RatingSum": 0,
            "OneStarCount": 0,
            "TwoStarCount": 0,
            "ThreeStarCount": 0,
            "FourStarCount": 0,
            "FiveStarCount": 0,
            "Average": 0,
            "OneStarPercentage": 0,
            "TwoStarPercentage": 0,
            "ThreeStarPercentage": 0,
            "FourStarPercentage": 0,
            "FiveStarPercentage": 0
          },
          "HasProductSubs": false,
          "IsSponsoredAd": false,
          "AdID": null,
          "AdIndex": null,
          "ThirdPartyProductInfo": null,
          "MarketFeatures": null,
          "MarketSpecifications": null
        }
      ],
      "Name": "Plumrose Ham Leg"
    },
    {
      "Products": [
        {
          "TileID": 0,
          "Stockcode": 70897,
          "Barcode": "4901515118593",
          "GtinFormat": 13,
          "CupPrice": 2.32,
          "InstoreCupPrice": 2.32,
          "CupMeasure": "100ML",
          "CupString": "$2.32 / 100ML",
          "InstoreCupString": "$2.32 / 100ML",
          "HasCupPrice": true,
          "InstoreHasCupPrice": true,
          "Price": 5.8,
          "InstorePrice": 5.8,
          "Name": "Kikkoman Naturally Brewed Soy Sauce Less Salt",
          "UrlFriendlyName": "kikkoman-naturally-brewed-soy-sauce-less-salt",
          "Description": " Kikkoman Naturally Brewed<br>Soy Sauce Less... 250ml",
          "SmallImageFile": "https://cdn0.woolworths.media/content/wowproductimages/small/070897.jpg",
          "MediumImageFile": "https://cdn0.woolworths.media/content/wowproductimages/medium/070897.jpg",
          "LargeImageFile": "https://cdn0.woolworths.media/content/wowproductimages/large/070897.jpg",
          "IsNew": false,
          "IsOnSpecial": false,
          "InstoreIsOnSpecial": false,
          "IsEdrSpecial": false,
          "SavingsAmount": 0,
          "InstoreSavingsAmount": 0,
          "WasPrice": 5.8,
          "InstoreWasPrice": 5.8,
          "QuantityInTrolley": 0,
          "Unit": "Each",
          "MinimumQuantity": 1,
          "HasBeenBoughtBefore": false,
          "IsInTrolley": false,
          "Source": "Aisle.Pantry",
          "SupplyLimit": 36,
          "IsRanged": false,
          "IsInStock": true,
          "PackageSize": "250ml",
          "IsPmDelivery": false,
          "IsForCollection": true,
          "IsForDelivery": true,
          "IsForExpress": false,
          "ProductRestrictionMessage": null,
          "ProductWarningMessage": null,
          "CentreTag": {
            "TagContent": null,
            "TagLink": null,
            "FallbackText": null,
            "TagType": "None",
            "MultibuyData": null
          },
          "IsCentreTag": false,
          "ImageTag": {
            "TagContent": null,
            "TagLink": null,
            "FallbackText": "",
            "TagType": "None",
            "MultibuyData": null
          },
          "HeaderTag": null,
          "HasHeaderTag": false,
          "UnitWeightInGrams": 250,
          "SupplyLimitMessage": "'Kikkoman Naturally Brewed Soy Sauce Less Salt' has a supply limit of 36. The quantity in your cart has been reduced accordingly. To purchase a larger quantity, please contact us on 1800 000 610. Please note we do not supply trade orders.",
          "SmallFormatDescription": "Kikkoman Naturally Brewed Soy Sauce Less Salt",
          "FullDescription": "Kikkoman Naturally Brewed Soy Sauce Less Salt",
          "IsAvailable": true,
          "InstoreIsAvailable": true,
          "IsPurchasable": true,
          "InstoreIsPurchasable": true,
          "AgeRestricted": false,
          "DisplayQuantity": 1,
          "RichDescription": "Kikkoman Less Salt Soy Sauce is made from our Naturally Brewed Soy Sauce. The salt content is reduced using a special fermentation process which retains the unique flavour and aroma of our regular Soy Sauce, but compared to the regular product, has 43% less salt. Use for basting, marinating, stir frying, roasting or as a dipping sauce.",
          "IsDeliveryPass": false,
          "HideWasSavedPrice": false,
          "SapCategories": null,
          "Brand": "kikkoman",
          "IsRestrictedByDeliveryMethod": false,
          "FooterTag": {
            "TagContent": null,
            "TagLink": null,
            "FallbackText": null,
            "TagType": "None",
            "MultibuyData": null
          },
          "IsFooterEnabled": false,
          "Diagnostics": "1324",
          "IsBundle": false,
          "IsInFamily": false,
          "ChildProducts": [],
          "UrlOverride": null,
          "AdditionalAttributes": {
            "sapdepartmentname": "GROCERIES",
            "sapdepartmentno": "5",
            "sapcategoryname": "CONDIMENTS",
            "sapcategoryno": "81",
            "sapsubcategoryname": "SAUCES",
            "sapsubcategoryno": "159",
            "sapsegmentname": "SOY SAUCE",
            "sapsegmentno": "3",
            "specialsgroupid": null,
            "PiesProductDepartmentNodeId": "1_39FD49C",
            "PiesProductDepartmentsjson": "[{\"Id\":\"1_39FD49C\",\"Description\":\"Pantry\"}]",
            "piesdepartmentnamesjson": "[\"Pantry\"]",
            "piescategorynamesjson": "[\"Sauce, Oil & Vinegar\"]",
            "piessubcategorynamesjson": "[\"Soy & Asian Sauces\"]",
            "servingsize-total-nip": null,
            "servingsperpack-total-nip": null,
            "microwaveable": "False",
            "ovencook": "False",
            "vegetarian": "False",
            "freezable": "False",
            "containsnuts": "False",
            "containsgluten": "False",
            "description": "Kikkoman Less Salt Soy Sauce is made from our Naturally Brewed Soy Sauce. The salt content is reduced using a special fermentation process which retains the unique flavour and aroma of our regular Soy Sauce, but compared to the regular product, has 43% less salt. Use for basting, marinating, stir frying, roasting or as a dipping sauce.",
            "ingredients": "Water, Soybeans (16%), Wheat, Salt, Alcohol, Sugar, Food Acids (262, 270, 260). Contains 6.5% alcohol v/v.",
            "nutritionalinformation": "{\"Name\":\"Nutritional Information\",\"Attributes\":[{\"Id\":705,\"Name\":\"Carbohydrate Quantity Per 100g - Total - NIP\",\"Value\":\"Approx. 9.8g\",\"Description\":\"Carbohydrate Quantity Per 100g - Total - NIP\",\"SortOrder\":83},{\"Id\":706,\"Name\":\"Carbohydrate Quantity Per Serve - Total - NIP\",\"Value\":\"Approx. 1.5g\",\"Description\":\"Carbohydrate Quantity Per Serve - Total - NIP\",\"SortOrder\":87},{\"Id\":759,\"Name\":\"Energy kJ Quantity Per 100g - Total - NIP\",\"Value\":\"Approx. 502kJ\",\"Description\":\"Energy kJ Quantity Per 100g - Total - NIP\",\"SortOrder\":239},{\"Id\":760,\"Name\":\"Energy kJ Quantity Per Serve - Total - NIP\",\"Value\":\"Approx. 75kJ\",\"Description\":\"Energy kJ Quantity Per Serve - Total - NIP\",\"SortOrder\":243},{\"Id\":253,\"Name\":\"Fat Saturated Quantity Per 100g - Total - NIP\",\"Value\":\"Approx. 0g\",\"Description\":\"Fat Saturated Quantity Per 100g - Total - NIP\",\"SortOrder\":251},{\"Id\":258,\"Name\":\"Fat Saturated Quantity Per Serve - Total - NIP\",\"Value\":\"Approx. 0g\",\"Description\":\"Fat Saturated Quantity Per Serve - Total - NIP\",\"SortOrder\":255},{\"Id\":764,\"Name\":\"Fat Total Quantity Per 100g - Total - NIP\",\"Value\":\"Approx. 0g\",\"Description\":\"Fat Total Quantity Per 100g - Total - NIP\",\"SortOrder\":263},{\"Id\":264,\"Name\":\"Fat Total Quantity Per Serve - Total - NIP\",\"Value\":\"Approx. 0g\",\"Description\":\"Fat Total Quantity Per Serve - Total - NIP\",\"SortOrder\":267},{\"Id\":878,\"Name\":\"Protein Quantity Per 100g - Total - NIP\",\"Value\":\"Approx. 9.9g\",\"Description\":\"Protein Quantity Per 100g - Total - NIP\",\"SortOrder\":587},{\"Id\":882,\"Name\":\"Protein Quantity Per Serve - Total - NIP\",\"Value\":\"Approx. 1.5g\",\"Description\":\"Protein Quantity Per Serve - Total - NIP\",\"SortOrder\":591},{\"Id\":477,\"Name\":\"Serving Size - Total - NIP\",\"Value\":\"15ml\",\"Description\":\"Serving Size - Total - NIP\",\"SortOrder\":607},{\"Id\":544,\"Name\":\"Servings Per Pack - Total - NIP\",\"Value\":\"17\",\"Description\":\"Servings Per Pack - Total - NIP\",\"SortOrder\":611},{\"Id\":491,\"Name\":\"Sodium Quantity Per 100g - Total - NIP\",\"Value\":\"Approx. 3808mg\",\"Description\":\"Sodium Quantity Per 100g - Total - NIP\",\"SortOrder\":623},{\"Id\":495,\"Name\":\"Sodium Quantity Per Serve - Total - NIP\",\"Value\":\"Approx. 571mg\",\"Description\":\"Sodium Quantity Per Serve - Total - NIP\",\"SortOrder\":627},{\"Id\":907,\"Name\":\"Sugars Quantity Per 100g - Prefix - NIP\",\"Value\":\"Approx. \",\"Description\":\"Sugars Quantity Per 100g - Prefix - NIP\",\"SortOrder\":645},{\"Id\":908,\"Name\":\"Sugars Quantity Per 100g - SuffixUnits - NIP\",\"Value\":\"g\",\"Description\":\"Sugars Quantity Per 100g - SuffixUnits - NIP\",\"SortOrder\":646},{\"Id\":909,\"Name\":\"Sugars Quantity Per 100g - Total - NIP\",\"Value\":\"Approx. 3.8g\",\"Description\":\"Sugars Quantity Per 100g - Total - NIP\",\"SortOrder\":647},{\"Id\":910,\"Name\":\"Sugars Quantity Per 100g - ValueWord - NIP\",\"Value\":\"3.8\",\"Description\":\"Sugars Quantity Per 100g - ValueWord - NIP\",\"SortOrder\":648},{\"Id\":504,\"Name\":\"Sugars Quantity Per Serve - Prefix - NIP\",\"Value\":\"Approx. \",\"Description\":\"Sugars Quantity Per Serve - Prefix - NIP\",\"SortOrder\":649},{\"Id\":911,\"Name\":\"Sugars Quantity Per Serve - SuffixUnits - NIP\",\"Value\":\"g\",\"Description\":\"Sugars Quantity Per Serve - SuffixUnits - NIP\",\"SortOrder\":650},{\"Id\":912,\"Name\":\"Sugars Quantity Per Serve - Total - NIP\",\"Value\":\"Approx. 0.6g\",\"Description\":\"Sugars Quantity Per Serve - Total - NIP\",\"SortOrder\":651},{\"Id\":572,\"Name\":\"Sugars Quantity Per Serve - ValueWord - NIP\",\"Value\":\"0.6\",\"Description\":\"Sugars Quantity Per Serve - ValueWord - NIP\",\"SortOrder\":652}]}",
            "storageinstructions": null,
            "usageinstructions": null,
            "brand": "kikkoman",
            "manufacturer": null,
            "countryoforigin": null,
            "productheightmm": null,
            "productwidthmm": null,
            "productdepthmm": null,
            "wool_productpackaging": null,
            "recyclableinformation": null,
            "importantinformation": null,
            "allergencontains": null,
            "allergenmaybepresent": null,
            "allergystatement": "No Artificial Colours or Flavours",
            "lifestyleanddietarystatement": "Low Saturated Fat",
            "lifestyleclaim": null,
            "wool_dietaryclaim": "Free from artificial colour. Free from artificial flavour. Free from artificial preservatives",
            "boxedcontents": null,
            "suitablefor": null,
            "fragrance": null,
            "colour": null,
            "antioxidant": "False",
            "addedvitaminsandminerals": "False",
            "bpafree": "False",
            "sulfatefree": "False",
            "parabenfree": "False",
            "claims": null,
            "alcoholfree": null,
            "anti-dandruff": null,
            "dermatologicallyapproved": null,
            "dermatologistrecommended": null,
            "dermatologisttested": null,
            "fragrance-free": null,
            "haircolour": null,
            "hairtype": null,
            "hypo-allergenic": null,
            "non-comedogenic": null,
            "oilfree": null,
            "ophthalmologistapproved": null,
            "ophthalmologisttested": null,
            "paba-free": null,
            "skincondition": null,
            "skintype": null,
            "soap-free": null,
            "spf": null,
            "sweatresistant": null,
            "timer": null,
            "waterresistant": null,
            "phbalanced": null,
            "antiseptic": "False",
            "antibacterial": "False",
            "activeconstituents": null,
            "contains": null,
            "microwavesafe": "False",
            "productimagecount": "3",
            "friendlydisclaimer": null,
            "productimages": "70897.jpg,70897_1.jpg,70897_2.jpg",
            "healthstarrating": "0",
            "tgawarnings": null,
            "vendorarticleid": null,
            "vendorcostprice": null,
            "tgawarning": null
          },
          "DetailsImagePaths": [
            "https://cdn0.woolworths.media/content/wowproductimages/large/070897.jpg",
            "https://cdn0.woolworths.media/content/wowproductimages/large/070897_1.jpg",
            "https://cdn0.woolworths.media/content/wowproductimages/large/070897_2.jpg"
          ],
          "Variety": "less salt",
          "Rating": {
            "ReviewCount": 0,
            "RatingCount": 0,
            "RatingSum": 0,
            "OneStarCount": 0,
            "TwoStarCount": 0,
            "ThreeStarCount": 0,
            "FourStarCount": 0,
            "FiveStarCount": 0,
            "Average": 0,
            "OneStarPercentage": 0,
            "TwoStarPercentage": 0,
            "ThreeStarPercentage": 0,
            "FourStarPercentage": 0,
            "FiveStarPercentage": 0
          },
          "HasProductSubs": false,
          "IsSponsoredAd": false,
          "AdID": null,
          "AdIndex": null,
          "ThirdPartyProductInfo": null,
          "MarketFeatures": null,
          "MarketSpecifications": null
        }
      ],
      "Name": "Kikkoman Naturally Brewed Soy Sauce Less Salt"
    },
    {
      "Products": [
        {
          "TileID": 0,
          "Stockcode": 94489,
          "Barcode": "93716857",
          "GtinFormat": 8,
          "CupPrice": 0.37,
          "InstoreCupPrice": 0.37,
          "CupMeasure": "10G",
          "CupString": "$0.37 / 10G",
          "InstoreCupString": "$0.37 / 10G",
          "HasCupPrice": true,
          "InstoreHasCupPrice": true,
          "Price": 5.8,
          "InstorePrice": 5.8,
          "Name": "Masterfoods Garlic Powder",
          "UrlFriendlyName": "masterfoods-garlic-powder",
          "Description": " Masterfoods Garlic Powder 155g",
          "SmallImageFile": "https://cdn0.woolworths.media/content/wowproductimages/small/094489.jpg",
          "MediumImageFile": "https://cdn0.woolworths.media/content/wowproductimages/medium/094489.jpg",
          "LargeImageFile": "https://cdn0.woolworths.media/content/wowproductimages/large/094489.jpg",
          "IsNew": false,
          "IsOnSpecial": false,
          "InstoreIsOnSpecial": false,
          "IsEdrSpecial": false,
          "SavingsAmount": 0,
          "InstoreSavingsAmount": 0,
          "WasPrice": 5.8,
          "InstoreWasPrice": 5.8,
          "QuantityInTrolley": 0,
          "Unit": "Each",
          "MinimumQuantity": 1,
          "HasBeenBoughtBefore": false,
          "IsInTrolley": false,
          "Source": "Aisle.Pantry",
          "SupplyLimit": 36,
          "IsRanged": false,
          "IsInStock": true,
          "PackageSize": "155g",
          "IsPmDelivery": false,
          "IsForCollection": true,
          "IsForDelivery": true,
          "IsForExpress": false,
          "ProductRestrictionMessage": null,
          "ProductWarningMessage": null,
          "CentreTag": {
            "TagContent": null,
            "TagLink": null,
            "FallbackText": null,
            "TagType": "None",
            "MultibuyData": null
          },
          "IsCentreTag": false,
          "ImageTag": {
            "TagContent": null,
            "TagLink": null,
            "FallbackText": "",
            "TagType": "None",
            "MultibuyData": null
          },
          "HeaderTag": null,
          "HasHeaderTag": false,
          "UnitWeightInGrams": 155,
          "SupplyLimitMessage": "'Masterfoods Garlic Powder' has a supply limit of 36. The quantity in your cart has been reduced accordingly. To purchase a larger quantity, please contact us on 1800 000 610. Please note we do not supply trade orders.",
          "SmallFormatDescription": "Masterfoods Garlic Powder",
          "FullDescription": "Masterfoods Garlic Powder",
          "IsAvailable": true,
          "InstoreIsAvailable": true,
          "IsPurchasable": true,
          "InstoreIsPurchasable": true,
          "AgeRestricted": false,
          "DisplayQuantity": 1,
          "RichDescription": "Distinct in both flavour and aroma, add lively garlic flavours to your favourite recipes. Simply replace one clove of fresh garlic with half tablespoon of powder. <br> Easily add depth and flavour to your cooking with MasterFoods Garlic Powder. A savoury herb with a floral aroma and slightly warming peppermint aftertaste. Full of strong, fresh garlic flavours, Garlic Powder adds lively flavours to your cooking. Use half tablespoon of Garlic Powder when a recipe calls for one clove. For something different, create your own garlic bread at home. <br> MasterFoods Established in 1945 <br> Grown with Integrity, sourced with Pride.",
          "IsDeliveryPass": false,
          "HideWasSavedPrice": false,
          "SapCategories": null,
          "Brand": "masterfoods",
          "IsRestrictedByDeliveryMethod": false,
          "FooterTag": {
            "TagContent": null,
            "TagLink": null,
            "FallbackText": null,
            "TagType": "None",
            "MultibuyData": null
          },
          "IsFooterEnabled": false,
          "Diagnostics": "1325",
          "IsBundle": false,
          "IsInFamily": false,
          "ChildProducts": [],
          "UrlOverride": null,
          "AdditionalAttributes": {
            "sapdepartmentname": "GROCERIES",
            "sapdepartmentno": "5",
            "sapcategoryname": "COOKING NEEDS",
            "sapcategoryno": "74",
            "sapsubcategoryname": "SPICES & COOKING NEEDS",
            "sapsubcategoryno": "34",
            "sapsegmentname": "DRY BOTTLE SPICE",
            "sapsegmentno": "2",
            "specialsgroupid": null,
            "PiesProductDepartmentNodeId": "1_39FD49C",
            "PiesProductDepartmentsjson": "[{\"Id\":\"1_39FD49C\",\"Description\":\"Pantry\"}]",
            "piesdepartmentnamesjson": "[\"Pantry\"]",
            "piescategorynamesjson": "[\"Herbs & Spices\"]",
            "piessubcategorynamesjson": "[\"Dried Herbs & Spices\"]",
            "servingsize-total-nip": null,
            "servingsperpack-total-nip": null,
            "microwaveable": "False",
            "ovencook": "False",
            "vegetarian": "False",
            "freezable": "False",
            "containsnuts": "False",
            "containsgluten": "False",
            "description": "Distinct in both flavour and aroma, add lively garlic flavours to your favourite recipes. Simply replace one clove of fresh garlic with half tablespoon of powder. <br> Easily add depth and flavour to your cooking with MasterFoods Garlic Powder. A savoury herb with a floral aroma and slightly warming peppermint aftertaste. Full of strong, fresh garlic flavours, Garlic Powder adds lively flavours to your cooking. Use half tablespoon of Garlic Powder when a recipe calls for one clove. For something different, create your own garlic bread at home. <br> MasterFoods Established in 1945 <br> Grown with Integrity, sourced with Pride.",
            "ingredients": "Garlic (contains naturally occuring Sulphites).",
            "nutritionalinformation": "{\"Name\":\"Nutritional Information\",\"Attributes\":[{\"Id\":705,\"Name\":\"Carbohydrate Quantity Per 100g - Total - NIP\",\"Value\":\"22g\",\"Description\":\"Carbohydrate Quantity Per 100g - Total - NIP\",\"SortOrder\":83},{\"Id\":759,\"Name\":\"Energy kJ Quantity Per 100g - Total - NIP\",\"Value\":\"1210kJ\",\"Description\":\"Energy kJ Quantity Per 100g - Total - NIP\",\"SortOrder\":239},{\"Id\":253,\"Name\":\"Fat Saturated Quantity Per 100g - Total - NIP\",\"Value\":\"4.33g\",\"Description\":\"Fat Saturated Quantity Per 100g - Total - NIP\",\"SortOrder\":251},{\"Id\":764,\"Name\":\"Fat Total Quantity Per 100g - Total - NIP\",\"Value\":\"9g\",\"Description\":\"Fat Total Quantity Per 100g - Total - NIP\",\"SortOrder\":263},{\"Id\":878,\"Name\":\"Protein Quantity Per 100g - Total - NIP\",\"Value\":\"11.1g\",\"Description\":\"Protein Quantity Per 100g - Total - NIP\",\"SortOrder\":587},{\"Id\":491,\"Name\":\"Sodium Quantity Per 100g - Total - NIP\",\"Value\":\"59mg\",\"Description\":\"Sodium Quantity Per 100g - Total - NIP\",\"SortOrder\":623},{\"Id\":908,\"Name\":\"Sugars Quantity Per 100g - SuffixUnits - NIP\",\"Value\":\"g\",\"Description\":\"Sugars Quantity Per 100g - SuffixUnits - NIP\",\"SortOrder\":646},{\"Id\":909,\"Name\":\"Sugars Quantity Per 100g - Total - NIP\",\"Value\":\"5.2g\",\"Description\":\"Sugars Quantity Per 100g - Total - NIP\",\"SortOrder\":647},{\"Id\":910,\"Name\":\"Sugars Quantity Per 100g - ValueWord - NIP\",\"Value\":\"5.2\",\"Description\":\"Sugars Quantity Per 100g - ValueWord - NIP\",\"SortOrder\":648}]}",
            "storageinstructions": "Store in a cool, dry place, away from direct sunlight.",
            "usageinstructions": null,
            "brand": "masterfoods",
            "manufacturer": null,
            "countryoforigin": null,
            "productheightmm": null,
            "productwidthmm": null,
            "productdepthmm": null,
            "wool_productpackaging": null,
            "recyclableinformation": null,
            "importantinformation": null,
            "allergencontains": "Sulphites",
            "allergenmaybepresent": "Sesame Seeds",
            "allergystatement": "Lupin Free",
            "lifestyleanddietarystatement": "Low Salt",
            "lifestyleclaim": null,
            "wool_dietaryclaim": null,
            "boxedcontents": null,
            "suitablefor": null,
            "fragrance": null,
            "colour": null,
            "antioxidant": "False",
            "addedvitaminsandminerals": "False",
            "bpafree": "False",
            "sulfatefree": "False",
            "parabenfree": "False",
            "claims": null,
            "alcoholfree": null,
            "anti-dandruff": null,
            "dermatologicallyapproved": null,
            "dermatologistrecommended": null,
            "dermatologisttested": null,
            "fragrance-free": null,
            "haircolour": null,
            "hairtype": null,
            "hypo-allergenic": null,
            "non-comedogenic": null,
            "oilfree": null,
            "ophthalmologistapproved": null,
            "ophthalmologisttested": null,
            "paba-free": null,
            "skincondition": null,
            "skintype": null,
            "soap-free": null,
            "spf": null,
            "sweatresistant": null,
            "timer": null,
            "waterresistant": null,
            "phbalanced": null,
            "antiseptic": "False",
            "antibacterial": "False",
            "activeconstituents": null,
            "contains": null,
            "microwavesafe": "False",
            "productimagecount": "4",
            "friendlydisclaimer": null,
            "productimages": "94489.jpg,94489_2.jpg,94489_3.jpg,94489_1.jpg",
            "healthstarrating": "0",
            "tgawarnings": null,
            "vendorarticleid": null,
            "vendorcostprice": null,
            "tgawarning": null
          },
          "DetailsImagePaths": [
            "https://cdn0.woolworths.media/content/wowproductimages/large/094489.jpg",
            "https://cdn0.woolworths.media/content/wowproductimages/large/094489_1.jpg",
            "https://cdn0.woolworths.media/content/wowproductimages/large/094489_2.jpg",
            "https://cdn0.woolworths.media/content/wowproductimages/large/094489_3.jpg"
          ],
          "Variety": "powder",
          "Rating": {
            "ReviewCount": 0,
            "RatingCount": 0,
            "RatingSum": 0,
            "OneStarCount": 0,
            "TwoStarCount": 0,
            "ThreeStarCount": 0,
            "FourStarCount": 0,
            "FiveStarCount": 0,
            "Average": 0,
            "OneStarPercentage": 0,
            "TwoStarPercentage": 0,
            "ThreeStarPercentage": 0,
            "FourStarPercentage": 0,
            "FiveStarPercentage": 0
          },
          "HasProductSubs": false,
          "IsSponsoredAd": false,
          "AdID": null,
          "AdIndex": null,
          "ThirdPartyProductInfo": null,
          "MarketFeatures": null,
          "MarketSpecifications": null
        }
      ],
      "Name": "Masterfoods Garlic Powder"
    },
    {
      "Products": [
        {
          "TileID": 0,
          "Stockcode": 266069,
          "Barcode": "9300633974114",
          "GtinFormat": 13,
          "CupPrice": 23.2,
          "InstoreCupPrice": 23.2,
          "CupMeasure": "1KG",
          "CupString": "$23.20 / 1KG",
          "InstoreCupString": "$23.20 / 1KG",
          "HasCupPrice": true,
          "InstoreHasCupPrice": true,
          "Price": 5.8,
          "InstorePrice": 5.8,
          "Name": "Macro Dry Roasted Almonds",
          "UrlFriendlyName": "macro-dry-roasted-almonds",
          "Description": " Macro Dry Roasted Almonds  250g",
          "SmallImageFile": "https://cdn0.woolworths.media/content/wowproductimages/small/266069.jpg",
          "MediumImageFile": "https://cdn0.woolworths.media/content/wowproductimages/medium/266069.jpg",
          "LargeImageFile": "https://cdn0.woolworths.media/content/wowproductimages/large/266069.jpg",
          "IsNew": false,
          "IsOnSpecial": true,
          "InstoreIsOnSpecial": true,
          "IsEdrSpecial": false,
          "SavingsAmount": 1.5,
          "InstoreSavingsAmount": 1.5,
          "WasPrice": 7.3,
          "InstoreWasPrice": 7.3,
          "QuantityInTrolley": 0,
          "Unit": "Each",
          "MinimumQuantity": 1,
          "HasBeenBoughtBefore": false,
          "IsInTrolley": false,
          "Source": "Aisle.Pantry",
          "SupplyLimit": 36,
          "IsRanged": false,
          "IsInStock": true,
          "PackageSize": "250g",
          "IsPmDelivery": false,
          "IsForCollection": true,
          "IsForDelivery": true,
          "IsForExpress": false,
          "ProductRestrictionMessage": null,
          "ProductWarningMessage": null,
          "CentreTag": {
            "TagContent": null,
            "TagLink": null,
            "FallbackText": null,
            "TagType": "None",
            "MultibuyData": null
          },
          "IsCentreTag": false,
          "ImageTag": {
            "TagContent": "/content/promotiontags/roundel-special-200x200.png",
            "TagLink": "",
            "FallbackText": "On Special",
            "TagType": "None",
            "MultibuyData": null
          },
          "HeaderTag": {
            "BackgroundColor": "#fd0",
            "BorderColor": "#fd0",
            "TextColor": "#000",
            "Content": "Save $1.50",
            "TagLink": null,
            "Promotion": "Special"
          },
          "HasHeaderTag": true,
          "UnitWeightInGrams": 250,
          "SupplyLimitMessage": "'Macro Dry Roasted Almonds' has a supply limit of 36. The quantity in your cart has been reduced accordingly. To purchase a larger quantity, please contact us on 1800 000 610. Please note we do not supply trade orders.",
          "SmallFormatDescription": "Macro Dry Roasted Almonds ",
          "FullDescription": "Macro Dry Roasted Almonds ",
          "IsAvailable": true,
          "InstoreIsAvailable": true,
          "IsPurchasable": true,
          "InstoreIsPurchasable": true,
          "AgeRestricted": false,
          "DisplayQuantity": 1,
          "RichDescription": "<div>Macro Dry Roasted Almonds has vitamin E which is effective in protecting cells, and protein for power to the muscles. With Oven roasted almonds without any oil or salt for an all natural crunch, a source of protein, fibre and Vitamin E. Enjoy as a nutritious snack or use it to create an Almond & Oat Crumble. You could also add this to your weeknight stir-fry or pesto recipe.<br><br></div><div>- No artificial colours, flavours or preservatives<br><br></div><div>- Fibre for a happy gut. (As part of a healthy balanced diet)<br><br></div><div>- Gluten free<br><br></div><div>Discover how to use this product in a recipe<a href=\"https://www.woolworths.com.au/shop/recipedetail/7362/healthy-popcorn-rocky-road\" target=\"_blank\">here</a></div>",
          "IsDeliveryPass": false,
          "HideWasSavedPrice": false,
          "SapCategories": null,
          "Brand": "macro",
          "IsRestrictedByDeliveryMethod": false,
          "FooterTag": {
            "TagContent": null,
            "TagLink": null,
            "FallbackText": null,
            "TagType": "None",
            "MultibuyData": null
          },
          "IsFooterEnabled": false,
          "Diagnostics": "1326",
          "IsBundle": false,
          "IsInFamily": false,
          "ChildProducts": [],
          "UrlOverride": null,
          "AdditionalAttributes": {
            "sapdepartmentname": "GROCERIES",
            "sapdepartmentno": "5",
            "sapcategoryname": "HEALTH FOODS",
            "sapcategoryno": "46",
            "sapsubcategoryname": "HEALTH FOOD PANTRY",
            "sapsubcategoryno": "111",
            "sapsegmentname": "FRUIT / NUT",
            "sapsegmentno": "6",
            "specialsgroupid": null,
            "PiesProductDepartmentNodeId": "1_39FD49C",
            "PiesProductDepartmentsjson": "[{\"Id\":\"1_39FD49C\",\"Description\":\"Pantry\"},{\"Id\":\"1_C4BB750\",\"Description\":\"Easter\"}]",
            "piesdepartmentnamesjson": "[\"Pantry\",\"Easter\"]",
            "piescategorynamesjson": "[\"Health Foods\",\"Entertaining\"]",
            "piessubcategorynamesjson": "[\"Health Fruit, Nuts, Grains & Seeds\",\"Chips, Nuts & Snacks\"]",
            "servingsize-total-nip": null,
            "servingsperpack-total-nip": null,
            "microwaveable": "False",
            "ovencook": "False",
            "vegetarian": "False",
            "freezable": "False",
            "containsnuts": "False",
            "containsgluten": "False",
            "description": "<div>Macro Dry Roasted Almonds has vitamin E which is effective in protecting cells, and protein for power to the muscles. With Oven roasted almonds without any oil or salt for an all natural crunch, a source of protein, fibre and Vitamin E. Enjoy as a nutritious snack or use it to create an Almond & Oat Crumble. You could also add this to your weeknight stir-fry or pesto recipe.<br><br></div><div>- No artificial colours, flavours or preservatives<br><br></div><div>- Fibre for a happy gut. (As part of a healthy balanced diet)<br><br></div><div>- Gluten free<br><br></div><div>Discover how to use this product in a recipe<a href=\"https://www.woolworths.com.au/shop/recipedetail/7362/healthy-popcorn-rocky-road\" target=\"_blank\">here</a></div>",
            "ingredients": "Dry Roasted Almonds (100%).",
            "nutritionalinformation": "{\"Name\":\"Nutritional Information\",\"Attributes\":[{\"Id\":705,\"Name\":\"Carbohydrate Quantity Per 100g - Total - NIP\",\"Value\":\"5.9g\",\"Description\":\"Carbohydrate Quantity Per 100g - Total - NIP\",\"SortOrder\":83},{\"Id\":706,\"Name\":\"Carbohydrate Quantity Per Serve - Total - NIP\",\"Value\":\"1.8g\",\"Description\":\"Carbohydrate Quantity Per Serve - Total - NIP\",\"SortOrder\":87},{\"Id\":759,\"Name\":\"Energy kJ Quantity Per 100g - Total - NIP\",\"Value\":\"2630kJ\",\"Description\":\"Energy kJ Quantity Per 100g - Total - NIP\",\"SortOrder\":239},{\"Id\":760,\"Name\":\"Energy kJ Quantity Per Serve - Total - NIP\",\"Value\":\"790kJ\",\"Description\":\"Energy kJ Quantity Per Serve - Total - NIP\",\"SortOrder\":243},{\"Id\":253,\"Name\":\"Fat Saturated Quantity Per 100g - Total - NIP\",\"Value\":\"4.4g\",\"Description\":\"Fat Saturated Quantity Per 100g - Total - NIP\",\"SortOrder\":251},{\"Id\":258,\"Name\":\"Fat Saturated Quantity Per Serve - Total - NIP\",\"Value\":\"1.3g\",\"Description\":\"Fat Saturated Quantity Per Serve - Total - NIP\",\"SortOrder\":255},{\"Id\":764,\"Name\":\"Fat Total Quantity Per 100g - Total - NIP\",\"Value\":\"56.3g\",\"Description\":\"Fat Total Quantity Per 100g - Total - NIP\",\"SortOrder\":263},{\"Id\":264,\"Name\":\"Fat Total Quantity Per Serve - Total - NIP\",\"Value\":\"16.9g\",\"Description\":\"Fat Total Quantity Per Serve - Total - NIP\",\"SortOrder\":267},{\"Id\":878,\"Name\":\"Protein Quantity Per 100g - Total - NIP\",\"Value\":\"21.3g\",\"Description\":\"Protein Quantity Per 100g - Total - NIP\",\"SortOrder\":587},{\"Id\":882,\"Name\":\"Protein Quantity Per Serve - Total - NIP\",\"Value\":\"6.4g\",\"Description\":\"Protein Quantity Per Serve - Total - NIP\",\"SortOrder\":591},{\"Id\":477,\"Name\":\"Serving Size - Total - NIP\",\"Value\":\"30g\",\"Description\":\"Serving Size - Total - NIP\",\"SortOrder\":607},{\"Id\":544,\"Name\":\"Servings Per Pack - Total - NIP\",\"Value\":\"Approx.8\",\"Description\":\"Servings Per Pack - Total - NIP\",\"SortOrder\":611},{\"Id\":491,\"Name\":\"Sodium Quantity Per 100g - Total - NIP\",\"Value\":\"<5mg\",\"Description\":\"Sodium Quantity Per 100g - Total - NIP\",\"SortOrder\":623},{\"Id\":495,\"Name\":\"Sodium Quantity Per Serve - Total - NIP\",\"Value\":\"<5mg\",\"Description\":\"Sodium Quantity Per Serve - Total - NIP\",\"SortOrder\":627},{\"Id\":907,\"Name\":\"Sugars Quantity Per 100g - Prefix - NIP\",\"Value\":\"\",\"Description\":\"Sugars Quantity Per 100g - Prefix - NIP\",\"SortOrder\":645},{\"Id\":908,\"Name\":\"Sugars Quantity Per 100g - SuffixUnits - NIP\",\"Value\":\"g\",\"Description\":\"Sugars Quantity Per 100g - SuffixUnits - NIP\",\"SortOrder\":646},{\"Id\":909,\"Name\":\"Sugars Quantity Per 100g - Total - NIP\",\"Value\":\"4.8g\",\"Description\":\"Sugars Quantity Per 100g - Total - NIP\",\"SortOrder\":647},{\"Id\":910,\"Name\":\"Sugars Quantity Per 100g - ValueWord - NIP\",\"Value\":\"4.8\",\"Description\":\"Sugars Quantity Per 100g - ValueWord - NIP\",\"SortOrder\":648},{\"Id\":504,\"Name\":\"Sugars Quantity Per Serve - Prefix - NIP\",\"Value\":\"\",\"Description\":\"Sugars Quantity Per Serve - Prefix - NIP\",\"SortOrder\":649},{\"Id\":911,\"Name\":\"Sugars Quantity Per Serve - SuffixUnits - NIP\",\"Value\":\"g\",\"Description\":\"Sugars Quantity Per Serve - SuffixUnits - NIP\",\"SortOrder\":650},{\"Id\":912,\"Name\":\"Sugars Quantity Per Serve - Total - NIP\",\"Value\":\"1.4g\",\"Description\":\"Sugars Quantity Per Serve - Total - NIP\",\"SortOrder\":651},{\"Id\":572,\"Name\":\"Sugars Quantity Per Serve - ValueWord - NIP\",\"Value\":\"1.4\",\"Description\":\"Sugars Quantity Per Serve - ValueWord - NIP\",\"SortOrder\":652}]}",
            "storageinstructions": "Store in a cool, dry place. Re-sealable packet.",
            "usageinstructions": null,
            "brand": "macro",
            "manufacturer": null,
            "countryoforigin": null,
            "productheightmm": null,
            "productwidthmm": null,
            "productdepthmm": null,
            "wool_productpackaging": null,
            "recyclableinformation": null,
            "importantinformation": null,
            "allergencontains": "Almonds, Tree Nuts",
            "allergenmaybepresent": "Peanuts, Soybean, Tree Nuts",
            "allergystatement": "No Artificial Colours or Flavours",
            "lifestyleanddietarystatement": "Source of Fibre",
            "lifestyleclaim": "Vegan",
            "wool_dietaryclaim": "Gluten Free",
            "boxedcontents": null,
            "suitablefor": null,
            "fragrance": null,
            "colour": null,
            "antioxidant": "False",
            "addedvitaminsandminerals": "False",
            "bpafree": "False",
            "sulfatefree": "False",
            "parabenfree": "False",
            "claims": null,
            "alcoholfree": null,
            "anti-dandruff": null,
            "dermatologicallyapproved": null,
            "dermatologistrecommended": null,
            "dermatologisttested": null,
            "fragrance-free": null,
            "haircolour": null,
            "hairtype": null,
            "hypo-allergenic": null,
            "non-comedogenic": null,
            "oilfree": null,
            "ophthalmologistapproved": null,
            "ophthalmologisttested": null,
            "paba-free": null,
            "skincondition": null,
            "skintype": null,
            "soap-free": null,
            "spf": null,
            "sweatresistant": null,
            "timer": null,
            "waterresistant": null,
            "phbalanced": null,
            "antiseptic": "False",
            "antibacterial": "False",
            "activeconstituents": null,
            "contains": null,
            "microwavesafe": "False",
            "productimagecount": "2",
            "friendlydisclaimer": null,
            "productimages": "266069.jpg,266069_2.jpg",
            "healthstarrating": "5",
            "tgawarnings": null,
            "vendorarticleid": null,
            "vendorcostprice": null,
            "tgawarning": null
          },
          "DetailsImagePaths": [
            "https://cdn0.woolworths.media/content/wowproductimages/large/266069.jpg",
            "https://cdn0.woolworths.media/content/wowproductimages/large/266069_2.jpg"
          ],
          "Variety": null,
          "Rating": {
            "ReviewCount": 318,
            "RatingCount": 318,
            "RatingSum": 0,
            "OneStarCount": 0,
            "TwoStarCount": 0,
            "ThreeStarCount": 3,
            "FourStarCount": 66,
            "FiveStarCount": 249,
            "Average": 4.77358490566038,
            "OneStarPercentage": 0,
            "TwoStarPercentage": 0,
            "ThreeStarPercentage": 0.943396226415094,
            "FourStarPercentage": 20.7547169811321,
            "FiveStarPercentage": 78.3018867924528
          },
          "HasProductSubs": false,
          "IsSponsoredAd": false,
          "AdID": null,
          "AdIndex": null,
          "ThirdPartyProductInfo": null,
          "MarketFeatures": null,
          "MarketSpecifications": null
        }
      ],
      "Name": "Macro Dry Roasted Almonds"
    },
    {
      "Products": [
        {
          "TileID": 0,
          "Stockcode": 701760,
          "Barcode": "9310055536722",
          "GtinFormat": 13,
          "CupPrice": 1.16,
          "InstoreCupPrice": 1.16,
          "CupMeasure": "100G",
          "CupString": "$1.16 / 100G",
          "InstoreCupString": "$1.16 / 100G",
          "HasCupPrice": true,
          "InstoreHasCupPrice": true,
          "Price": 5.8,
          "InstorePrice": 5.8,
          "Name": "Kellogg's Sultana Bran Fibre Cereal With Oat Clusters",
          "UrlFriendlyName": "kellogg-s-sultana-bran-fibre-cereal-with-oat-clusters",
          "Description": " Kellogg's Sultana Bran Fibre<br>Cereal With Oat... 500g",
          "SmallImageFile": "https://cdn0.woolworths.media/content/wowproductimages/small/701760.jpg",
          "MediumImageFile": "https://cdn0.woolworths.media/content/wowproductimages/medium/701760.jpg",
          "LargeImageFile": "https://cdn0.woolworths.media/content/wowproductimages/large/701760.jpg",
          "IsNew": false,
          "IsOnSpecial": false,
          "InstoreIsOnSpecial": false,
          "IsEdrSpecial": false,
          "SavingsAmount": 0,
          "InstoreSavingsAmount": 0,
          "WasPrice": 5.8,
          "InstoreWasPrice": 5.8,
          "QuantityInTrolley": 0,
          "Unit": "Each",
          "MinimumQuantity": 1,
          "HasBeenBoughtBefore": false,
          "IsInTrolley": false,
          "Source": "Aisle.Pantry",
          "SupplyLimit": 36,
          "IsRanged": false,
          "IsInStock": true,
          "PackageSize": "500g",
          "IsPmDelivery": false,
          "IsForCollection": true,
          "IsForDelivery": true,
          "IsForExpress": false,
          "ProductRestrictionMessage": null,
          "ProductWarningMessage": null,
          "CentreTag": {
            "TagContent": null,
            "TagLink": null,
            "FallbackText": null,
            "TagType": "None",
            "MultibuyData": null
          },
          "IsCentreTag": false,
          "ImageTag": {
            "TagContent": null,
            "TagLink": null,
            "FallbackText": "",
            "TagType": "None",
            "MultibuyData": null
          },
          "HeaderTag": null,
          "HasHeaderTag": false,
          "UnitWeightInGrams": 568,
          "SupplyLimitMessage": "'Kellogg's Sultana Bran Fibre Cereal With Oat Clusters' has a supply limit of 36. The quantity in your cart has been reduced accordingly. To purchase a larger quantity, please contact us on 1800 000 610. Please note we do not supply trade orders.",
          "SmallFormatDescription": "Kellogg's Sultana Bran Fibre Cereal With Oat Clusters",
          "FullDescription": "Kellogg's Sultana Bran Fibre Cereal With Oat Clusters",
          "IsAvailable": true,
          "InstoreIsAvailable": true,
          "IsPurchasable": true,
          "InstoreIsPurchasable": true,
          "AgeRestricted": false,
          "DisplayQuantity": 1,
          "RichDescription": "Delicious high fibre breakfast cereal with malty flakes of whole wheat and wheat bran with juicy sultanas, and crunchy oat, wheat and rice clusters. <br> Kellogg's Sultana Bran breakfast cereal with Oat Clusters cereal is a tasty combination of malty flakes of whole wheat and wheat bran, juicy sultanas, and crunchy oat, wheat and rice clusters. With a 4 health star rating and a good source of fibre, a source of 4 vitamins, iron and zinc, Sultana Bran is a delicious way to start your day, or have as an afternoon snack. <br> High in fibre and goodness of whole grains <br> Source of 4 vitamins- B2, Niacin, B6 & Folate <br> Source of Zinc <br> Good source of Iron <br> No artificial colours or flavours <br> 4 health stars <br> 4 health stars",
          "IsDeliveryPass": false,
          "HideWasSavedPrice": false,
          "SapCategories": null,
          "Brand": "kellogg's",
          "IsRestrictedByDeliveryMethod": false,
          "FooterTag": {
            "TagContent": null,
            "TagLink": null,
            "FallbackText": null,
            "TagType": "None",
            "MultibuyData": null
          },
          "IsFooterEnabled": false,
          "Diagnostics": "1327",
          "IsBundle": false,
          "IsInFamily": false,
          "ChildProducts": [],
          "UrlOverride": null,
          "AdditionalAttributes": {
            "sapdepartmentname": "GROCERIES",
            "sapdepartmentno": "5",
            "sapcategoryname": "BREAKFAST FOODS",
            "sapcategoryno": "80",
            "sapsubcategoryname": "BREAKFAST - CEREALS",
            "sapsubcategoryno": "152",
            "sapsegmentname": "FAMILY - BRAN",
            "sapsegmentno": "26",
            "specialsgroupid": null,
            "PiesProductDepartmentNodeId": "1_39FD49C",
            "PiesProductDepartmentsjson": "[{\"Id\":\"1_39FD49C\",\"Description\":\"Pantry\"}]",
            "piesdepartmentnamesjson": "[\"Pantry\"]",
            "piescategorynamesjson": "[\"Breakfast & Spreads\"]",
            "piessubcategorynamesjson": "[\"Breakfast Cereal\"]",
            "servingsize-total-nip": null,
            "servingsperpack-total-nip": null,
            "microwaveable": "False",
            "ovencook": "False",
            "vegetarian": "False",
            "freezable": "False",
            "containsnuts": "False",
            "containsgluten": "False",
            "description": "Delicious high fibre breakfast cereal with malty flakes of whole wheat and wheat bran with juicy sultanas, and crunchy oat, wheat and rice clusters. <br> Kellogg's Sultana Bran breakfast cereal with Oat Clusters cereal is a tasty combination of malty flakes of whole wheat and wheat bran, juicy sultanas, and crunchy oat, wheat and rice clusters. With a 4 health star rating and a good source of fibre, a source of 4 vitamins, iron and zinc, Sultana Bran is a delicious way to start your day, or have as an afternoon snack. <br> High in fibre and goodness of whole grains <br> Source of 4 vitamins- B2, Niacin, B6 & Folate <br> Source of Zinc <br> Good source of Iron <br> No artificial colours or flavours <br> 4 health stars <br> 4 health stars",
            "ingredients": "Whole grains (whole wheat [34%], rolled oats [7%]), wheat bran (20%), sultanas (17%), sugar, rice syrup, invert syrup, white rice, barley malt extract, salt, vegetable oil (palm), corn starch, minerals (iron, zinc oxide), vitamins (niacin, vitamin B6, riboflavin, folate).",
            "nutritionalinformation": "{\"Name\":\"Nutritional Information\",\"Attributes\":[{\"Id\":705,\"Name\":\"Carbohydrate Quantity Per 100g - Total - NIP\",\"Value\":\"65.2g\",\"Description\":\"Carbohydrate Quantity Per 100g - Total - NIP\",\"SortOrder\":83},{\"Id\":706,\"Name\":\"Carbohydrate Quantity Per Serve - Total - NIP\",\"Value\":\"29.3g\",\"Description\":\"Carbohydrate Quantity Per Serve - Total - NIP\",\"SortOrder\":87},{\"Id\":759,\"Name\":\"Energy kJ Quantity Per 100g - Total - NIP\",\"Value\":\"1480kJ\",\"Description\":\"Energy kJ Quantity Per 100g - Total - NIP\",\"SortOrder\":239},{\"Id\":760,\"Name\":\"Energy kJ Quantity Per Serve - Total - NIP\",\"Value\":\"670kJ\",\"Description\":\"Energy kJ Quantity Per Serve - Total - NIP\",\"SortOrder\":243},{\"Id\":253,\"Name\":\"Fat Saturated Quantity Per 100g - Total - NIP\",\"Value\":\"0.7g\",\"Description\":\"Fat Saturated Quantity Per 100g - Total - NIP\",\"SortOrder\":251},{\"Id\":258,\"Name\":\"Fat Saturated Quantity Per Serve - Total - NIP\",\"Value\":\"0.3g\",\"Description\":\"Fat Saturated Quantity Per Serve - Total - NIP\",\"SortOrder\":255},{\"Id\":764,\"Name\":\"Fat Total Quantity Per 100g - Total - NIP\",\"Value\":\"3.1g\",\"Description\":\"Fat Total Quantity Per 100g - Total - NIP\",\"SortOrder\":263},{\"Id\":264,\"Name\":\"Fat Total Quantity Per Serve - Total - NIP\",\"Value\":\"1.4g\",\"Description\":\"Fat Total Quantity Per Serve - Total - NIP\",\"SortOrder\":267},{\"Id\":878,\"Name\":\"Protein Quantity Per 100g - Total - NIP\",\"Value\":\"8.7g\",\"Description\":\"Protein Quantity Per 100g - Total - NIP\",\"SortOrder\":587},{\"Id\":882,\"Name\":\"Protein Quantity Per Serve - Total - NIP\",\"Value\":\"3.9g\",\"Description\":\"Protein Quantity Per Serve - Total - NIP\",\"SortOrder\":591},{\"Id\":477,\"Name\":\"Serving Size - Total - NIP\",\"Value\":\"45g\",\"Description\":\"Serving Size - Total - NIP\",\"SortOrder\":607},{\"Id\":544,\"Name\":\"Servings Per Pack - Total - NIP\",\"Value\":\"11\",\"Description\":\"Servings Per Pack - Total - NIP\",\"SortOrder\":611},{\"Id\":491,\"Name\":\"Sodium Quantity Per 100g - Total - NIP\",\"Value\":\"215mg\",\"Description\":\"Sodium Quantity Per 100g - Total - NIP\",\"SortOrder\":623},{\"Id\":495,\"Name\":\"Sodium Quantity Per Serve - Total - NIP\",\"Value\":\"96mg\",\"Description\":\"Sodium Quantity Per Serve - Total - NIP\",\"SortOrder\":627},{\"Id\":908,\"Name\":\"Sugars Quantity Per 100g - SuffixUnits - NIP\",\"Value\":\"g\",\"Description\":\"Sugars Quantity Per 100g - SuffixUnits - NIP\",\"SortOrder\":646},{\"Id\":909,\"Name\":\"Sugars Quantity Per 100g - Total - NIP\",\"Value\":\"28.2g\",\"Description\":\"Sugars Quantity Per 100g - Total - NIP\",\"SortOrder\":647},{\"Id\":910,\"Name\":\"Sugars Quantity Per 100g - ValueWord - NIP\",\"Value\":\"28.2\",\"Description\":\"Sugars Quantity Per 100g - ValueWord - NIP\",\"SortOrder\":648},{\"Id\":911,\"Name\":\"Sugars Quantity Per Serve - SuffixUnits - NIP\",\"Value\":\"g\",\"Description\":\"Sugars Quantity Per Serve - SuffixUnits - NIP\",\"SortOrder\":650},{\"Id\":912,\"Name\":\"Sugars Quantity Per Serve - Total - NIP\",\"Value\":\"12.7g\",\"Description\":\"Sugars Quantity Per Serve - Total - NIP\",\"SortOrder\":651},{\"Id\":572,\"Name\":\"Sugars Quantity Per Serve - ValueWord - NIP\",\"Value\":\"12.7\",\"Description\":\"Sugars Quantity Per Serve - ValueWord - NIP\",\"SortOrder\":652}]}",
            "storageinstructions": "This product unopened will keep fresh at least until end of month indicated if stored in normal dry conditions.",
            "usageinstructions": null,
            "brand": "kellogg's",
            "manufacturer": null,
            "countryoforigin": null,
            "productheightmm": null,
            "productwidthmm": null,
            "productdepthmm": null,
            "wool_productpackaging": null,
            "recyclableinformation": null,
            "importantinformation": null,
            "allergencontains": "Cereals Containing Gluten",
            "allergenmaybepresent": "Peanuts, Tree Nuts",
            "allergystatement": "No Artificial Colours or Flavours",
            "lifestyleanddietarystatement": "Source of Iron",
            "lifestyleclaim": null,
            "wool_dietaryclaim": "High in Fibre, Wholegrain, Source of Vitamins",
            "boxedcontents": null,
            "suitablefor": null,
            "fragrance": null,
            "colour": null,
            "antioxidant": "False",
            "addedvitaminsandminerals": "False",
            "bpafree": "False",
            "sulfatefree": "False",
            "parabenfree": "False",
            "claims": null,
            "alcoholfree": null,
            "anti-dandruff": null,
            "dermatologicallyapproved": null,
            "dermatologistrecommended": null,
            "dermatologisttested": null,
            "fragrance-free": null,
            "haircolour": null,
            "hairtype": null,
            "hypo-allergenic": null,
            "non-comedogenic": null,
            "oilfree": null,
            "ophthalmologistapproved": null,
            "ophthalmologisttested": null,
            "paba-free": null,
            "skincondition": null,
            "skintype": null,
            "soap-free": null,
            "spf": null,
            "sweatresistant": null,
            "timer": null,
            "waterresistant": null,
            "phbalanced": null,
            "antiseptic": "False",
            "antibacterial": "False",
            "activeconstituents": null,
            "contains": null,
            "microwavesafe": "False",
            "productimagecount": "5",
            "friendlydisclaimer": null,
            "productimages": "701760.jpg,701760_2.jpg,701760_3.jpg,701760_4.jpg,701760_1.jpg",
            "healthstarrating": "4",
            "tgawarnings": null,
            "vendorarticleid": null,
            "vendorcostprice": null,
            "tgawarning": null
          },
          "DetailsImagePaths": [
            "https://cdn0.woolworths.media/content/wowproductimages/large/701760.jpg",
            "https://cdn0.woolworths.media/content/wowproductimages/large/701760_1.jpg",
            "https://cdn0.woolworths.media/content/wowproductimages/large/701760_2.jpg",
            "https://cdn0.woolworths.media/content/wowproductimages/large/701760_3.jpg",
            "https://cdn0.woolworths.media/content/wowproductimages/large/701760_4.jpg"
          ],
          "Variety": "oat clusters",
          "Rating": {
            "ReviewCount": 0,
            "RatingCount": 0,
            "RatingSum": 0,
            "OneStarCount": 0,
            "TwoStarCount": 0,
            "ThreeStarCount": 0,
            "FourStarCount": 0,
            "FiveStarCount": 0,
            "Average": 0,
            "OneStarPercentage": 0,
            "TwoStarPercentage": 0,
            "ThreeStarPercentage": 0,
            "FourStarPercentage": 0,
            "FiveStarPercentage": 0
          },
          "HasProductSubs": false,
          "IsSponsoredAd": false,
          "AdID": null,
          "AdIndex": null,
          "ThirdPartyProductInfo": null,
          "MarketFeatures": null,
          "MarketSpecifications": null
        }
      ],
      "Name": "Kellogg's Sultana Bran Fibre Cereal With Oat Clusters"
    },
    {
      "Products": [
        {
          "TileID": 0,
          "Stockcode": 758073,
          "Barcode": "6291007905342",
          "GtinFormat": 13,
          "CupPrice": 0.94,
          "InstoreCupPrice": 0.94,
          "CupMeasure": "100G",
          "CupString": "$0.94 / 100G",
          "InstoreCupString": "$0.94 / 100G",
          "HasCupPrice": true,
          "InstoreHasCupPrice": true,
          "Price": 5.8,
          "InstorePrice": 5.8,
          "Name": "Britannia Punjabi Cookies",
          "UrlFriendlyName": "britannia-punjabi-cookies",
          "Description": " Britannia Punjabi Cookies  620g",
          "SmallImageFile": "https://cdn0.woolworths.media/content/wowproductimages/small/758073.jpg",
          "MediumImageFile": "https://cdn0.woolworths.media/content/wowproductimages/medium/758073.jpg",
          "LargeImageFile": "https://cdn0.woolworths.media/content/wowproductimages/large/758073.jpg",
          "IsNew": false,
          "IsOnSpecial": false,
          "InstoreIsOnSpecial": false,
          "IsEdrSpecial": false,
          "SavingsAmount": 0,
          "InstoreSavingsAmount": 0,
          "WasPrice": 5.8,
          "InstoreWasPrice": 5.8,
          "QuantityInTrolley": 0,
          "Unit": "Each",
          "MinimumQuantity": 1,
          "HasBeenBoughtBefore": false,
          "IsInTrolley": false,
          "Source": "Aisle.Pantry",
          "SupplyLimit": 36,
          "IsRanged": false,
          "IsInStock": true,
          "PackageSize": "620g",
          "IsPmDelivery": false,
          "IsForCollection": true,
          "IsForDelivery": true,
          "IsForExpress": false,
          "ProductRestrictionMessage": null,
          "ProductWarningMessage": null,
          "CentreTag": {
            "TagContent": null,
            "TagLink": null,
            "FallbackText": null,
            "TagType": "None",
            "MultibuyData": null
          },
          "IsCentreTag": false,
          "ImageTag": {
            "TagContent": null,
            "TagLink": null,
            "FallbackText": "",
            "TagType": "None",
            "MultibuyData": null
          },
          "HeaderTag": null,
          "HasHeaderTag": false,
          "UnitWeightInGrams": 650,
          "SupplyLimitMessage": "'Britannia Punjabi Cookies' has a supply limit of 36. The quantity in your cart has been reduced accordingly. To purchase a larger quantity, please contact us on 1800 000 610. Please note we do not supply trade orders.",
          "SmallFormatDescription": "Britannia Punjabi Cookies ",
          "FullDescription": "Britannia Punjabi Cookies ",
          "IsAvailable": true,
          "InstoreIsAvailable": true,
          "IsPurchasable": true,
          "InstoreIsPurchasable": true,
          "AgeRestricted": false,
          "DisplayQuantity": 1,
          "RichDescription": null,
          "IsDeliveryPass": false,
          "HideWasSavedPrice": false,
          "SapCategories": null,
          "Brand": "britannia",
          "IsRestrictedByDeliveryMethod": false,
          "FooterTag": {
            "TagContent": null,
            "TagLink": null,
            "FallbackText": null,
            "TagType": "None",
            "MultibuyData": null
          },
          "IsFooterEnabled": false,
          "Diagnostics": "1328",
          "IsBundle": false,
          "IsInFamily": false,
          "ChildProducts": [],
          "UrlOverride": null,
          "AdditionalAttributes": {
            "sapdepartmentname": "GROCERIES",
            "sapdepartmentno": "5",
            "sapcategoryname": "ETHNIC / GOURMET FOOD",
            "sapcategoryno": "79",
            "sapsubcategoryname": "AUTHENTIC INDIAN",
            "sapsubcategoryno": "77",
            "sapsegmentname": "SNACKS",
            "sapsegmentno": "8",
            "specialsgroupid": null,
            "PiesProductDepartmentNodeId": "1_39FD49C",
            "PiesProductDepartmentsjson": "[{\"Id\":\"1_39FD49C\",\"Description\":\"Pantry\"}]",
            "piesdepartmentnamesjson": "[\"Pantry\"]",
            "piescategorynamesjson": "[\"Snacks & Confectionery\",\"International Foods\"]",
            "piessubcategorynamesjson": "[\"Indian\",\"Biscuits & Cookies\"]",
            "servingsize-total-nip": null,
            "servingsperpack-total-nip": null,
            "microwaveable": "False",
            "ovencook": "False",
            "vegetarian": "False",
            "freezable": "False",
            "containsnuts": "False",
            "containsgluten": "False",
            "description": null,
            "ingredients": "Whole Wheat Flour (41.8%), Sugar, Palm Oil, Butter (4.5%), Semolina, Invert Sugar, Salt, Soya Lecithin (Emulsifier), Sodium Bicarbonate & Ammonium Bicarbonate (Leavening), Milk (Artificial Flavour)",
            "nutritionalinformation": "{\"Name\":\"Nutritional Information\",\"Attributes\":[{\"Id\":705,\"Name\":\"Carbohydrate Quantity Per 100g - Total - NIP\",\"Value\":\"Approx. 66g\",\"Description\":\"Carbohydrate Quantity Per 100g - Total - NIP\",\"SortOrder\":83},{\"Id\":706,\"Name\":\"Carbohydrate Quantity Per Serve - Total - NIP\",\"Value\":\"Approx. 20g\",\"Description\":\"Carbohydrate Quantity Per Serve - Total - NIP\",\"SortOrder\":87},{\"Id\":759,\"Name\":\"Energy kJ Quantity Per 100g - Total - NIP\",\"Value\":\"Approx. 1780kJ\",\"Description\":\"Energy kJ Quantity Per 100g - Total - NIP\",\"SortOrder\":239},{\"Id\":760,\"Name\":\"Energy kJ Quantity Per Serve - Total - NIP\",\"Value\":\"Approx. 525kJ\",\"Description\":\"Energy kJ Quantity Per Serve - Total - NIP\",\"SortOrder\":243},{\"Id\":253,\"Name\":\"Fat Saturated Quantity Per 100g - Total - NIP\",\"Value\":\"Approx. 8g\",\"Description\":\"Fat Saturated Quantity Per 100g - Total - NIP\",\"SortOrder\":251},{\"Id\":258,\"Name\":\"Fat Saturated Quantity Per Serve - Total - NIP\",\"Value\":\"Approx. 2.5g\",\"Description\":\"Fat Saturated Quantity Per Serve - Total - NIP\",\"SortOrder\":255},{\"Id\":764,\"Name\":\"Fat Total Quantity Per 100g - Total - NIP\",\"Value\":\"Approx. 15g\",\"Description\":\"Fat Total Quantity Per 100g - Total - NIP\",\"SortOrder\":263},{\"Id\":264,\"Name\":\"Fat Total Quantity Per Serve - Total - NIP\",\"Value\":\"Approx. 4.5g\",\"Description\":\"Fat Total Quantity Per Serve - Total - NIP\",\"SortOrder\":267},{\"Id\":878,\"Name\":\"Protein Quantity Per 100g - Total - NIP\",\"Value\":\"Approx. 7g\",\"Description\":\"Protein Quantity Per 100g - Total - NIP\",\"SortOrder\":587},{\"Id\":882,\"Name\":\"Protein Quantity Per Serve - Total - NIP\",\"Value\":\"Approx. 2g\",\"Description\":\"Protein Quantity Per Serve - Total - NIP\",\"SortOrder\":591},{\"Id\":477,\"Name\":\"Serving Size - Total - NIP\",\"Value\":\"30g\",\"Description\":\"Serving Size - Total - NIP\",\"SortOrder\":607},{\"Id\":544,\"Name\":\"Servings Per Pack - Total - NIP\",\"Value\":\"21\",\"Description\":\"Servings Per Pack - Total - NIP\",\"SortOrder\":611},{\"Id\":491,\"Name\":\"Sodium Quantity Per 100g - Total - NIP\",\"Value\":\"Approx. 250mg\",\"Description\":\"Sodium Quantity Per 100g - Total - NIP\",\"SortOrder\":623},{\"Id\":495,\"Name\":\"Sodium Quantity Per Serve - Total - NIP\",\"Value\":\"Approx. 75mg\",\"Description\":\"Sodium Quantity Per Serve - Total - NIP\",\"SortOrder\":627},{\"Id\":907,\"Name\":\"Sugars Quantity Per 100g - Prefix - NIP\",\"Value\":\"Approx.\",\"Description\":\"Sugars Quantity Per 100g - Prefix - NIP\",\"SortOrder\":645},{\"Id\":908,\"Name\":\"Sugars Quantity Per 100g - SuffixUnits - NIP\",\"Value\":\"g\",\"Description\":\"Sugars Quantity Per 100g - SuffixUnits - NIP\",\"SortOrder\":646},{\"Id\":909,\"Name\":\"Sugars Quantity Per 100g - Total - NIP\",\"Value\":\"Approx. 33g\",\"Description\":\"Sugars Quantity Per 100g - Total - NIP\",\"SortOrder\":647},{\"Id\":910,\"Name\":\"Sugars Quantity Per 100g - ValueWord - NIP\",\"Value\":\"33\",\"Description\":\"Sugars Quantity Per 100g - ValueWord - NIP\",\"SortOrder\":648},{\"Id\":504,\"Name\":\"Sugars Quantity Per Serve - Prefix - NIP\",\"Value\":\"Approx.\",\"Description\":\"Sugars Quantity Per Serve - Prefix - NIP\",\"SortOrder\":649},{\"Id\":911,\"Name\":\"Sugars Quantity Per Serve - SuffixUnits - NIP\",\"Value\":\"g\",\"Description\":\"Sugars Quantity Per Serve - SuffixUnits - NIP\",\"SortOrder\":650},{\"Id\":912,\"Name\":\"Sugars Quantity Per Serve - Total - NIP\",\"Value\":\"Approx. 10g\",\"Description\":\"Sugars Quantity Per Serve - Total - NIP\",\"SortOrder\":651},{\"Id\":572,\"Name\":\"Sugars Quantity Per Serve - ValueWord - NIP\",\"Value\":\"10\",\"Description\":\"Sugars Quantity Per Serve - ValueWord - NIP\",\"SortOrder\":652}]}",
            "storageinstructions": null,
            "usageinstructions": null,
            "brand": "britannia",
            "manufacturer": null,
            "countryoforigin": null,
            "productheightmm": null,
            "productwidthmm": null,
            "productdepthmm": null,
            "wool_productpackaging": null,
            "recyclableinformation": null,
            "importantinformation": null,
            "allergencontains": "Soy, Wheat, Milk",
            "allergenmaybepresent": null,
            "allergystatement": "Egg Free",
            "lifestyleanddietarystatement": "Vegetarian",
            "lifestyleclaim": "Vegetarian",
            "wool_dietaryclaim": null,
            "boxedcontents": null,
            "suitablefor": "Vegetarian",
            "fragrance": null,
            "colour": null,
            "antioxidant": "False",
            "addedvitaminsandminerals": "False",
            "bpafree": "False",
            "sulfatefree": "False",
            "parabenfree": "False",
            "claims": null,
            "alcoholfree": null,
            "anti-dandruff": null,
            "dermatologicallyapproved": null,
            "dermatologistrecommended": null,
            "dermatologisttested": null,
            "fragrance-free": null,
            "haircolour": null,
            "hairtype": null,
            "hypo-allergenic": null,
            "non-comedogenic": null,
            "oilfree": null,
            "ophthalmologistapproved": null,
            "ophthalmologisttested": null,
            "paba-free": null,
            "skincondition": null,
            "skintype": null,
            "soap-free": null,
            "spf": null,
            "sweatresistant": null,
            "timer": null,
            "waterresistant": null,
            "phbalanced": null,
            "antiseptic": "False",
            "antibacterial": "False",
            "activeconstituents": null,
            "contains": null,
            "microwavesafe": "False",
            "productimagecount": "2",
            "friendlydisclaimer": null,
            "productimages": "758073.jpg,758073_2.jpg",
            "healthstarrating": "0",
            "tgawarnings": null,
            "vendorarticleid": null,
            "vendorcostprice": null,
            "tgawarning": null
          },
          "DetailsImagePaths": [
            "https://cdn0.woolworths.media/content/wowproductimages/large/758073.jpg",
            "https://cdn0.woolworths.media/content/wowproductimages/large/758073_2.jpg"
          ],
          "Variety": null,
          "Rating": {
            "ReviewCount": 0,
            "RatingCount": 0,
            "RatingSum": 0,
            "OneStarCount": 0,
            "TwoStarCount": 0,
            "ThreeStarCount": 0,
            "FourStarCount": 0,
            "FiveStarCount": 0,
            "Average": 0,
            "OneStarPercentage": 0,
            "TwoStarPercentage": 0,
            "ThreeStarPercentage": 0,
            "FourStarPercentage": 0,
            "FiveStarPercentage": 0
          },
          "HasProductSubs": false,
          "IsSponsoredAd": false,
          "AdID": null,
          "AdIndex": null,
          "ThirdPartyProductInfo": null,
          "MarketFeatures": null,
          "MarketSpecifications": null
        }
      ],
      "Name": "Britannia Punjabi Cookies"
    },
    {
      "Products": [
        {
          "TileID": 0,
          "Stockcode": 791364,
          "Barcode": "9300650017665",
          "GtinFormat": 13,
          "CupPrice": 13.43,
          "InstoreCupPrice": 13.43,
          "CupMeasure": "1KG",
          "CupString": "$13.43 / 1KG",
          "InstoreCupString": "$13.43 / 1KG",
          "HasCupPrice": true,
          "InstoreHasCupPrice": true,
          "Price": 5.8,
          "InstorePrice": 5.8,
          "Name": "Kraft Singles Original",
          "UrlFriendlyName": "kraft-singles-original",
          "Description": " Kraft Singles Original 24pk 432g",
          "SmallImageFile": "https://cdn0.woolworths.media/content/wowproductimages/small/791364.jpg",
          "MediumImageFile": "https://cdn0.woolworths.media/content/wowproductimages/medium/791364.jpg",
          "LargeImageFile": "https://cdn0.woolworths.media/content/wowproductimages/large/791364.jpg",
          "IsNew": false,
          "IsOnSpecial": true,
          "InstoreIsOnSpecial": true,
          "IsEdrSpecial": false,
          "SavingsAmount": 1.7,
          "InstoreSavingsAmount": 1.7,
          "WasPrice": 7.5,
          "InstoreWasPrice": 7.5,
          "QuantityInTrolley": 0,
          "Unit": "Each",
          "MinimumQuantity": 1,
          "HasBeenBoughtBefore": false,
          "IsInTrolley": false,
          "Source": "Aisle.Pantry",
          "SupplyLimit": 36,
          "IsRanged": false,
          "IsInStock": true,
          "PackageSize": "24pk 432g",
          "IsPmDelivery": true,
          "IsForCollection": true,
          "IsForDelivery": true,
          "IsForExpress": false,
          "ProductRestrictionMessage": null,
          "ProductWarningMessage": null,
          "CentreTag": {
            "TagContent": null,
            "TagLink": null,
            "FallbackText": null,
            "TagType": "None",
            "MultibuyData": null
          },
          "IsCentreTag": false,
          "ImageTag": {
            "TagContent": "/content/promotiontags/roundel-special-200x200.png",
            "TagLink": "",
            "FallbackText": "On Special",
            "TagType": "None",
            "MultibuyData": null
          },
          "HeaderTag": {
            "BackgroundColor": "#fd0",
            "BorderColor": "#fd0",
            "TextColor": "#000",
            "Content": "Save $1.70",
            "TagLink": null,
            "Promotion": "Special"
          },
          "HasHeaderTag": true,
          "UnitWeightInGrams": 452,
          "SupplyLimitMessage": "'Kraft Singles Original' has a supply limit of 36. The quantity in your cart has been reduced accordingly. To purchase a larger quantity, please contact us on 1800 000 610. Please note we do not supply trade orders.",
          "SmallFormatDescription": "Kraft Singles Original",
          "FullDescription": "Kraft Singles Original",
          "IsAvailable": true,
          "InstoreIsAvailable": true,
          "IsPurchasable": true,
          "InstoreIsPurchasable": true,
          "AgeRestricted": false,
          "DisplayQuantity": 1,
          "RichDescription": "Kraft Singles cheese is a source of calcium and has the same great taste generations of families have come to love.",
          "IsDeliveryPass": false,
          "HideWasSavedPrice": false,
          "SapCategories": null,
          "Brand": "kraft",
          "IsRestrictedByDeliveryMethod": false,
          "FooterTag": {
            "TagContent": null,
            "TagLink": null,
            "FallbackText": null,
            "TagType": "None",
            "MultibuyData": null
          },
          "IsFooterEnabled": true,
          "Diagnostics": "1329",
          "IsBundle": false,
          "IsInFamily": false,
          "ChildProducts": [],
          "UrlOverride": null,
          "AdditionalAttributes": {
            "sapdepartmentname": "FRESH CONVENIENCE",
            "sapdepartmentno": "10",
            "sapcategoryname": "CHEESE EVERYDAY",
            "sapcategoryno": "91",
            "sapsubcategoryname": "CHEESE EVERYDAY",
            "sapsubcategoryno": "871",
            "sapsegmentname": "SLICED PROCESSED",
            "sapsegmentno": "18",
            "specialsgroupid": null,
            "PiesProductDepartmentNodeId": "1_6E4F4E4",
            "PiesProductDepartmentsjson": "[{\"Id\":\"1_6E4F4E4\",\"Description\":\"Dairy, Eggs & Fridge\"},{\"Id\":\"1_39FD49C\",\"Description\":\"Pantry\"}]",
            "piesdepartmentnamesjson": "[\"Dairy, Eggs & Fridge\",\"Pantry\"]",
            "piescategorynamesjson": "[\"Snacks & Confectionery\",\"Lunch Box\",\"Cheese\"]",
            "piessubcategorynamesjson": "[\"Dairy Cheese\",\"Sliced Cheese\",\"Lunch Box Snacks\"]",
            "servingsize-total-nip": null,
            "servingsperpack-total-nip": null,
            "microwaveable": "False",
            "ovencook": "False",
            "vegetarian": "False",
            "freezable": "False",
            "containsnuts": "False",
            "containsgluten": "False",
            "description": "Kraft Singles cheese is a source of calcium and has the same great taste generations of families have come to love.",
            "ingredients": "Milk, Water, Milk Solids, Mineral Salts (331, 341, 339), Cream or Butter or Milk Fat, Salt, Food Acid (270), Preservatives (200, 235), Starter Culture, Enzymes, Colours (160a, 160b), Contains Cheese 45% minimum",
            "nutritionalinformation": "{\"Name\":\"Nutritional Information\",\"Attributes\":[{\"Id\":705,\"Name\":\"Carbohydrate Quantity Per 100g - Total - NIP\",\"Value\":\"3.1g\",\"Description\":\"Carbohydrate Quantity Per 100g - Total - NIP\",\"SortOrder\":83},{\"Id\":706,\"Name\":\"Carbohydrate Quantity Per Serve - Total - NIP\",\"Value\":\"<1.0g\",\"Description\":\"Carbohydrate Quantity Per Serve - Total - NIP\",\"SortOrder\":87},{\"Id\":759,\"Name\":\"Energy kJ Quantity Per 100g - Total - NIP\",\"Value\":\"1160kJ\",\"Description\":\"Energy kJ Quantity Per 100g - Total - NIP\",\"SortOrder\":239},{\"Id\":760,\"Name\":\"Energy kJ Quantity Per Serve - Total - NIP\",\"Value\":\"209kJ\",\"Description\":\"Energy kJ Quantity Per Serve - Total - NIP\",\"SortOrder\":243},{\"Id\":253,\"Name\":\"Fat Saturated Quantity Per 100g - Total - NIP\",\"Value\":\"14.8g\",\"Description\":\"Fat Saturated Quantity Per 100g - Total - NIP\",\"SortOrder\":251},{\"Id\":258,\"Name\":\"Fat Saturated Quantity Per Serve - Total - NIP\",\"Value\":\"2.7g\",\"Description\":\"Fat Saturated Quantity Per Serve - Total - NIP\",\"SortOrder\":255},{\"Id\":764,\"Name\":\"Fat Total Quantity Per 100g - Total - NIP\",\"Value\":\"20.9g\",\"Description\":\"Fat Total Quantity Per 100g - Total - NIP\",\"SortOrder\":263},{\"Id\":264,\"Name\":\"Fat Total Quantity Per Serve - Total - NIP\",\"Value\":\"3.8g\",\"Description\":\"Fat Total Quantity Per Serve - Total - NIP\",\"SortOrder\":267},{\"Id\":878,\"Name\":\"Protein Quantity Per 100g - Total - NIP\",\"Value\":\"19.8g\",\"Description\":\"Protein Quantity Per 100g - Total - NIP\",\"SortOrder\":587},{\"Id\":882,\"Name\":\"Protein Quantity Per Serve - Total - NIP\",\"Value\":\"3.6g\",\"Description\":\"Protein Quantity Per Serve - Total - NIP\",\"SortOrder\":591},{\"Id\":477,\"Name\":\"Serving Size - Total - NIP\",\"Value\":\"18.0g (1 slice)\",\"Description\":\"Serving Size - Total - NIP\",\"SortOrder\":607},{\"Id\":544,\"Name\":\"Servings Per Pack - Total - NIP\",\"Value\":\"24\",\"Description\":\"Servings Per Pack - Total - NIP\",\"SortOrder\":611},{\"Id\":491,\"Name\":\"Sodium Quantity Per 100g - Total - NIP\",\"Value\":\"1350mg\",\"Description\":\"Sodium Quantity Per 100g - Total - NIP\",\"SortOrder\":623},{\"Id\":495,\"Name\":\"Sodium Quantity Per Serve - Total - NIP\",\"Value\":\"242mg\",\"Description\":\"Sodium Quantity Per Serve - Total - NIP\",\"SortOrder\":627},{\"Id\":907,\"Name\":\"Sugars Quantity Per 100g - Prefix - NIP\",\"Value\":\"\",\"Description\":\"Sugars Quantity Per 100g - Prefix - NIP\",\"SortOrder\":645},{\"Id\":908,\"Name\":\"Sugars Quantity Per 100g - SuffixUnits - NIP\",\"Value\":\"g\",\"Description\":\"Sugars Quantity Per 100g - SuffixUnits - NIP\",\"SortOrder\":646},{\"Id\":909,\"Name\":\"Sugars Quantity Per 100g - Total - NIP\",\"Value\":\"2.4g\",\"Description\":\"Sugars Quantity Per 100g - Total - NIP\",\"SortOrder\":647},{\"Id\":910,\"Name\":\"Sugars Quantity Per 100g - ValueWord - NIP\",\"Value\":\"2.4\",\"Description\":\"Sugars Quantity Per 100g - ValueWord - NIP\",\"SortOrder\":648},{\"Id\":504,\"Name\":\"Sugars Quantity Per Serve - Prefix - NIP\",\"Value\":\"<\",\"Description\":\"Sugars Quantity Per Serve - Prefix - NIP\",\"SortOrder\":649},{\"Id\":911,\"Name\":\"Sugars Quantity Per Serve - SuffixUnits - NIP\",\"Value\":\"g\",\"Description\":\"Sugars Quantity Per Serve - SuffixUnits - NIP\",\"SortOrder\":650},{\"Id\":912,\"Name\":\"Sugars Quantity Per Serve - Total - NIP\",\"Value\":\"<1.0g\",\"Description\":\"Sugars Quantity Per Serve - Total - NIP\",\"SortOrder\":651},{\"Id\":572,\"Name\":\"Sugars Quantity Per Serve - ValueWord - NIP\",\"Value\":\"1.0\",\"Description\":\"Sugars Quantity Per Serve - ValueWord - NIP\",\"SortOrder\":652}]}",
            "storageinstructions": "Keep Refrigerated",
            "usageinstructions": null,
            "brand": "kraft",
            "manufacturer": null,
            "countryoforigin": null,
            "productheightmm": null,
            "productwidthmm": null,
            "productdepthmm": null,
            "wool_productpackaging": null,
            "recyclableinformation": null,
            "importantinformation": null,
            "allergencontains": "Butter, Milk, Preservatives",
            "allergenmaybepresent": null,
            "allergystatement": "Egg Free",
            "lifestyleanddietarystatement": "Source of Calcium",
            "lifestyleclaim": null,
            "wool_dietaryclaim": "Source of Calcium",
            "boxedcontents": null,
            "suitablefor": null,
            "fragrance": null,
            "colour": null,
            "antioxidant": "False",
            "addedvitaminsandminerals": "False",
            "bpafree": "False",
            "sulfatefree": "False",
            "parabenfree": "False",
            "claims": null,
            "alcoholfree": null,
            "anti-dandruff": null,
            "dermatologicallyapproved": null,
            "dermatologistrecommended": null,
            "dermatologisttested": null,
            "fragrance-free": null,
            "haircolour": null,
            "hairtype": null,
            "hypo-allergenic": null,
            "non-comedogenic": null,
            "oilfree": null,
            "ophthalmologistapproved": null,
            "ophthalmologisttested": null,
            "paba-free": null,
            "skincondition": null,
            "skintype": null,
            "soap-free": null,
            "spf": null,
            "sweatresistant": null,
            "timer": null,
            "waterresistant": null,
            "phbalanced": null,
            "antiseptic": "False",
            "antibacterial": "False",
            "activeconstituents": null,
            "contains": null,
            "microwavesafe": "False",
            "productimagecount": "2",
            "friendlydisclaimer": null,
            "productimages": "791364.jpg,791364_1.jpg",
            "healthstarrating": "0",
            "tgawarnings": null,
            "vendorarticleid": null,
            "vendorcostprice": null,
            "tgawarning": null
          },
          "DetailsImagePaths": [
            "https://cdn0.woolworths.media/content/wowproductimages/large/791364.jpg",
            "https://cdn0.woolworths.media/content/wowproductimages/large/791364_1.jpg"
          ],
          "Variety": "original",
          "Rating": {
            "ReviewCount": 0,
            "RatingCount": 0,
            "RatingSum": 0,
            "OneStarCount": 0,
            "TwoStarCount": 0,
            "ThreeStarCount": 0,
            "FourStarCount": 0,
            "FiveStarCount": 0,
            "Average": 0,
            "OneStarPercentage": 0,
            "TwoStarPercentage": 0,
            "ThreeStarPercentage": 0,
            "FourStarPercentage": 0,
            "FiveStarPercentage": 0
          },
          "HasProductSubs": false,
          "IsSponsoredAd": false,
          "AdID": null,
          "AdIndex": null,
          "ThirdPartyProductInfo": null,
          "MarketFeatures": null,
          "MarketSpecifications": null
        }
      ],
      "Name": "Kraft Singles Original"
    },
    {
      "Products": [
        {
          "TileID": 0,
          "Stockcode": 791784,
          "Barcode": "9300650017627",
          "GtinFormat": 13,
          "CupPrice": 13.43,
          "InstoreCupPrice": 13.43,
          "CupMeasure": "1KG",
          "CupString": "$13.43 / 1KG",
          "InstoreCupString": "$13.43 / 1KG",
          "HasCupPrice": true,
          "InstoreHasCupPrice": true,
          "Price": 5.8,
          "InstorePrice": 5.8,
          "Name": "Kraft Light Cheese Singles",
          "UrlFriendlyName": "kraft-light-cheese-singles",
          "Description": " Kraft Light Cheese Singles  432g",
          "SmallImageFile": "https://cdn0.woolworths.media/content/wowproductimages/small/791784.jpg",
          "MediumImageFile": "https://cdn0.woolworths.media/content/wowproductimages/medium/791784.jpg",
          "LargeImageFile": "https://cdn0.woolworths.media/content/wowproductimages/large/791784.jpg",
          "IsNew": false,
          "IsOnSpecial": true,
          "InstoreIsOnSpecial": true,
          "IsEdrSpecial": false,
          "SavingsAmount": 1.7,
          "InstoreSavingsAmount": 1.7,
          "WasPrice": 7.5,
          "InstoreWasPrice": 7.5,
          "QuantityInTrolley": 0,
          "Unit": "Each",
          "MinimumQuantity": 1,
          "HasBeenBoughtBefore": false,
          "IsInTrolley": false,
          "Source": "Aisle.Pantry",
          "SupplyLimit": 36,
          "IsRanged": false,
          "IsInStock": true,
          "PackageSize": "432g",
          "IsPmDelivery": true,
          "IsForCollection": true,
          "IsForDelivery": true,
          "IsForExpress": false,
          "ProductRestrictionMessage": null,
          "ProductWarningMessage": null,
          "CentreTag": {
            "TagContent": null,
            "TagLink": null,
            "FallbackText": null,
            "TagType": "None",
            "MultibuyData": null
          },
          "IsCentreTag": false,
          "ImageTag": {
            "TagContent": "/content/promotiontags/roundel-special-200x200.png",
            "TagLink": "",
            "FallbackText": "On Special",
            "TagType": "None",
            "MultibuyData": null
          },
          "HeaderTag": {
            "BackgroundColor": "#fd0",
            "BorderColor": "#fd0",
            "TextColor": "#000",
            "Content": "Save $1.70",
            "TagLink": null,
            "Promotion": "Special"
          },
          "HasHeaderTag": true,
          "UnitWeightInGrams": 452,
          "SupplyLimitMessage": "'Kraft Light Cheese Singles' has a supply limit of 36. The quantity in your cart has been reduced accordingly. To purchase a larger quantity, please contact us on 1800 000 610. Please note we do not supply trade orders.",
          "SmallFormatDescription": "Kraft Light Cheese Singles ",
          "FullDescription": "Kraft Light Cheese Singles ",
          "IsAvailable": true,
          "InstoreIsAvailable": true,
          "IsPurchasable": true,
          "InstoreIsPurchasable": true,
          "AgeRestricted": false,
          "DisplayQuantity": 1,
          "RichDescription": "Kraft Singles light 25% less fat cheese is a source of calcium and has the same great taste generations of families have come to love.\nContains on average 25% less fat when compared to Kraft Singles Original.",
          "IsDeliveryPass": false,
          "HideWasSavedPrice": false,
          "SapCategories": null,
          "Brand": "kraft",
          "IsRestrictedByDeliveryMethod": false,
          "FooterTag": {
            "TagContent": null,
            "TagLink": null,
            "FallbackText": null,
            "TagType": "None",
            "MultibuyData": null
          },
          "IsFooterEnabled": true,
          "Diagnostics": "1330",
          "IsBundle": false,
          "IsInFamily": false,
          "ChildProducts": [],
          "UrlOverride": null,
          "AdditionalAttributes": {
            "sapdepartmentname": "FRESH CONVENIENCE",
            "sapdepartmentno": "10",
            "sapcategoryname": "CHEESE EVERYDAY",
            "sapcategoryno": "91",
            "sapsubcategoryname": "CHEESE EVERYDAY",
            "sapsubcategoryno": "871",
            "sapsegmentname": "SLICED PROCESSED",
            "sapsegmentno": "18",
            "specialsgroupid": null,
            "PiesProductDepartmentNodeId": "1_6E4F4E4",
            "PiesProductDepartmentsjson": "[{\"Id\":\"1_6E4F4E4\",\"Description\":\"Dairy, Eggs & Fridge\"},{\"Id\":\"1_39FD49C\",\"Description\":\"Pantry\"}]",
            "piesdepartmentnamesjson": "[\"Dairy, Eggs & Fridge\",\"Pantry\"]",
            "piescategorynamesjson": "[\"Snacks & Confectionery\",\"Cheese\"]",
            "piessubcategorynamesjson": "[\"Lunch Box Snacks\",\"Sliced Cheese\"]",
            "servingsize-total-nip": null,
            "servingsperpack-total-nip": null,
            "microwaveable": "False",
            "ovencook": "False",
            "vegetarian": "False",
            "freezable": "False",
            "containsnuts": "False",
            "containsgluten": "False",
            "description": "Kraft Singles light 25% less fat cheese is a source of calcium and has the same great taste generations of families have come to love.\nContains on average 25% less fat when compared to Kraft Singles Original.",
            "ingredients": "Milk, Water, Milk Solids, Mineral Salts (339, 331, 341), Salt, Food Acid (270), Preservatives (200, 235), Butter or Cream or Milk Fat, Starter Culture, Enzymes, Colours (160a, 160b), Contains Cheese 44% minimum",
            "nutritionalinformation": "{\"Name\":\"Nutritional Information\",\"Attributes\":[{\"Id\":705,\"Name\":\"Carbohydrate Quantity Per 100g - Total - NIP\",\"Value\":\"<1.0g\",\"Description\":\"Carbohydrate Quantity Per 100g - Total - NIP\",\"SortOrder\":83},{\"Id\":706,\"Name\":\"Carbohydrate Quantity Per Serve - Total - NIP\",\"Value\":\"<1.0g\",\"Description\":\"Carbohydrate Quantity Per Serve - Total - NIP\",\"SortOrder\":87},{\"Id\":759,\"Name\":\"Energy kJ Quantity Per 100g - Total - NIP\",\"Value\":\"911kJ\",\"Description\":\"Energy kJ Quantity Per 100g - Total - NIP\",\"SortOrder\":239},{\"Id\":760,\"Name\":\"Energy kJ Quantity Per Serve - Total - NIP\",\"Value\":\"164kJ\",\"Description\":\"Energy kJ Quantity Per Serve - Total - NIP\",\"SortOrder\":243},{\"Id\":253,\"Name\":\"Fat Saturated Quantity Per 100g - Total - NIP\",\"Value\":\"10.9g\",\"Description\":\"Fat Saturated Quantity Per 100g - Total - NIP\",\"SortOrder\":251},{\"Id\":258,\"Name\":\"Fat Saturated Quantity Per Serve - Total - NIP\",\"Value\":\"2.0g\",\"Description\":\"Fat Saturated Quantity Per Serve - Total - NIP\",\"SortOrder\":255},{\"Id\":764,\"Name\":\"Fat Total Quantity Per 100g - Total - NIP\",\"Value\":\"15.4g\",\"Description\":\"Fat Total Quantity Per 100g - Total - NIP\",\"SortOrder\":263},{\"Id\":264,\"Name\":\"Fat Total Quantity Per Serve - Total - NIP\",\"Value\":\"2.8g\",\"Description\":\"Fat Total Quantity Per Serve - Total - NIP\",\"SortOrder\":267},{\"Id\":878,\"Name\":\"Protein Quantity Per 100g - Total - NIP\",\"Value\":\"19.1g\",\"Description\":\"Protein Quantity Per 100g - Total - NIP\",\"SortOrder\":587},{\"Id\":882,\"Name\":\"Protein Quantity Per Serve - Total - NIP\",\"Value\":\"3.4g\",\"Description\":\"Protein Quantity Per Serve - Total - NIP\",\"SortOrder\":591},{\"Id\":477,\"Name\":\"Serving Size - Total - NIP\",\"Value\":\"18.0g (1 Slice)\",\"Description\":\"Serving Size - Total - NIP\",\"SortOrder\":607},{\"Id\":544,\"Name\":\"Servings Per Pack - Total - NIP\",\"Value\":\"24\",\"Description\":\"Servings Per Pack - Total - NIP\",\"SortOrder\":611},{\"Id\":491,\"Name\":\"Sodium Quantity Per 100g - Total - NIP\",\"Value\":\"1380mg\",\"Description\":\"Sodium Quantity Per 100g - Total - NIP\",\"SortOrder\":623},{\"Id\":495,\"Name\":\"Sodium Quantity Per Serve - Total - NIP\",\"Value\":\"249mg\",\"Description\":\"Sodium Quantity Per Serve - Total - NIP\",\"SortOrder\":627},{\"Id\":907,\"Name\":\"Sugars Quantity Per 100g - Prefix - NIP\",\"Value\":\"<\",\"Description\":\"Sugars Quantity Per 100g - Prefix - NIP\",\"SortOrder\":645},{\"Id\":908,\"Name\":\"Sugars Quantity Per 100g - SuffixUnits - NIP\",\"Value\":\"g\",\"Description\":\"Sugars Quantity Per 100g - SuffixUnits - NIP\",\"SortOrder\":646},{\"Id\":909,\"Name\":\"Sugars Quantity Per 100g - Total - NIP\",\"Value\":\"<1.0g\",\"Description\":\"Sugars Quantity Per 100g - Total - NIP\",\"SortOrder\":647},{\"Id\":910,\"Name\":\"Sugars Quantity Per 100g - ValueWord - NIP\",\"Value\":\"1.0\",\"Description\":\"Sugars Quantity Per 100g - ValueWord - NIP\",\"SortOrder\":648},{\"Id\":504,\"Name\":\"Sugars Quantity Per Serve - Prefix - NIP\",\"Value\":\"<\",\"Description\":\"Sugars Quantity Per Serve - Prefix - NIP\",\"SortOrder\":649},{\"Id\":911,\"Name\":\"Sugars Quantity Per Serve - SuffixUnits - NIP\",\"Value\":\"g\",\"Description\":\"Sugars Quantity Per Serve - SuffixUnits - NIP\",\"SortOrder\":650},{\"Id\":912,\"Name\":\"Sugars Quantity Per Serve - Total - NIP\",\"Value\":\"<1.0g\",\"Description\":\"Sugars Quantity Per Serve - Total - NIP\",\"SortOrder\":651},{\"Id\":572,\"Name\":\"Sugars Quantity Per Serve - ValueWord - NIP\",\"Value\":\"1.0\",\"Description\":\"Sugars Quantity Per Serve - ValueWord - NIP\",\"SortOrder\":652}]}",
            "storageinstructions": "Keep Refrigerated",
            "usageinstructions": null,
            "brand": "kraft",
            "manufacturer": null,
            "countryoforigin": null,
            "productheightmm": null,
            "productwidthmm": null,
            "productdepthmm": null,
            "wool_productpackaging": null,
            "recyclableinformation": null,
            "importantinformation": null,
            "allergencontains": "Milk",
            "allergenmaybepresent": null,
            "allergystatement": "Gluten Free",
            "lifestyleanddietarystatement": "Source of Calcium",
            "lifestyleclaim": null,
            "wool_dietaryclaim": "Low Fat, Source of Calcium",
            "boxedcontents": null,
            "suitablefor": null,
            "fragrance": null,
            "colour": null,
            "antioxidant": "False",
            "addedvitaminsandminerals": "False",
            "bpafree": "False",
            "sulfatefree": "False",
            "parabenfree": "False",
            "claims": null,
            "alcoholfree": null,
            "anti-dandruff": null,
            "dermatologicallyapproved": null,
            "dermatologistrecommended": null,
            "dermatologisttested": null,
            "fragrance-free": null,
            "haircolour": null,
            "hairtype": null,
            "hypo-allergenic": null,
            "non-comedogenic": null,
            "oilfree": null,
            "ophthalmologistapproved": null,
            "ophthalmologisttested": null,
            "paba-free": null,
            "skincondition": null,
            "skintype": null,
            "soap-free": null,
            "spf": null,
            "sweatresistant": null,
            "timer": null,
            "waterresistant": null,
            "phbalanced": null,
            "antiseptic": "False",
            "antibacterial": "False",
            "activeconstituents": null,
            "contains": null,
            "microwavesafe": "False",
            "productimagecount": "2",
            "friendlydisclaimer": null,
            "productimages": "791784.jpg,791784_1.jpg",
            "healthstarrating": "0",
            "tgawarnings": null,
            "vendorarticleid": null,
            "vendorcostprice": null,
            "tgawarning": null
          },
          "DetailsImagePaths": [
            "https://cdn0.woolworths.media/content/wowproductimages/large/791784.jpg",
            "https://cdn0.woolworths.media/content/wowproductimages/large/791784_1.jpg"
          ],
          "Variety": "",
          "Rating": {
            "ReviewCount": 0,
            "RatingCount": 0,
            "RatingSum": 0,
            "OneStarCount": 0,
            "TwoStarCount": 0,
            "ThreeStarCount": 0,
            "FourStarCount": 0,
            "FiveStarCount": 0,
            "Average": 0,
            "OneStarPercentage": 0,
            "TwoStarPercentage": 0,
            "ThreeStarPercentage": 0,
            "FourStarPercentage": 0,
            "FiveStarPercentage": 0
          },
          "HasProductSubs": false,
          "IsSponsoredAd": false,
          "AdID": null,
          "AdIndex": null,
          "ThirdPartyProductInfo": null,
          "MarketFeatures": null,
          "MarketSpecifications": null
        }
      ],
      "Name": "Kraft Light Cheese Singles"
    },
    {
      "Products": [
        {
          "TileID": 0,
          "Stockcode": 69549,
          "Barcode": "9300616134597",
          "GtinFormat": 13,
          "CupPrice": 3.38,
          "InstoreCupPrice": 3.38,
          "CupMeasure": "100G",
          "CupString": "$3.38 / 100G",
          "InstoreCupString": "$3.38 / 100G",
          "HasCupPrice": true,
          "InstoreHasCupPrice": true,
          "Price": 5.75,
          "InstorePrice": 5.75,
          "Name": "Red Tulip Giant Sitting Chocolate Easter Bunny",
          "UrlFriendlyName": "red-tulip-giant-sitting-chocolate-easter-bunny",
          "Description": " Red Tulip Giant Sitting<br>Chocolate Easter... 170g",
          "SmallImageFile": "https://cdn0.woolworths.media/content/wowproductimages/small/069549.jpg",
          "MediumImageFile": "https://cdn0.woolworths.media/content/wowproductimages/medium/069549.jpg",
          "LargeImageFile": "https://cdn0.woolworths.media/content/wowproductimages/large/069549.jpg",
          "IsNew": false,
          "IsOnSpecial": false,
          "InstoreIsOnSpecial": false,
          "IsEdrSpecial": false,
          "SavingsAmount": 0,
          "InstoreSavingsAmount": 0,
          "WasPrice": 5.75,
          "InstoreWasPrice": 5.75,
          "QuantityInTrolley": 0,
          "Unit": "Each",
          "MinimumQuantity": 1,
          "HasBeenBoughtBefore": false,
          "IsInTrolley": false,
          "Source": "Aisle.Pantry",
          "SupplyLimit": 10,
          "IsRanged": false,
          "IsInStock": true,
          "PackageSize": "170g",
          "IsPmDelivery": false,
          "IsForCollection": true,
          "IsForDelivery": true,
          "IsForExpress": false,
          "ProductRestrictionMessage": null,
          "ProductWarningMessage": null,
          "CentreTag": {
            "TagContent": null,
            "TagLink": null,
            "FallbackText": null,
            "TagType": "None",
            "MultibuyData": null
          },
          "IsCentreTag": false,
          "ImageTag": {
            "TagContent": null,
            "TagLink": null,
            "FallbackText": "",
            "TagType": "None",
            "MultibuyData": null
          },
          "HeaderTag": null,
          "HasHeaderTag": false,
          "UnitWeightInGrams": 170,
          "SupplyLimitMessage": "'Red Tulip Giant Sitting Chocolate Easter Bunny' has a supply limit of 10. The quantity in your cart has been reduced accordingly. To purchase a larger quantity, please contact us on 1800 000 610. Please note we do not supply trade orders.",
          "SmallFormatDescription": "Red Tulip Giant Sitting Chocolate Easter Bunny",
          "FullDescription": "Red Tulip Giant Sitting Chocolate Easter Bunny",
          "IsAvailable": true,
          "InstoreIsAvailable": true,
          "IsPurchasable": true,
          "InstoreIsPurchasable": true,
          "AgeRestricted": false,
          "DisplayQuantity": 1,
          "RichDescription": "<p>A sweet Easter celebration with Red Tulip Sitting Rabbit.</p>",
          "IsDeliveryPass": false,
          "HideWasSavedPrice": false,
          "SapCategories": null,
          "Brand": "red tulip",
          "IsRestrictedByDeliveryMethod": false,
          "FooterTag": {
            "TagContent": null,
            "TagLink": null,
            "FallbackText": null,
            "TagType": "None",
            "MultibuyData": null
          },
          "IsFooterEnabled": false,
          "Diagnostics": "1331",
          "IsBundle": false,
          "IsInFamily": false,
          "ChildProducts": [],
          "UrlOverride": null,
          "AdditionalAttributes": {
            "sapdepartmentname": "GROCERIES",
            "sapdepartmentno": "5",
            "sapcategoryname": "SEASONAL FOODS",
            "sapcategoryno": "40",
            "sapsubcategoryname": "EASTER CONFECTIONERY",
            "sapsubcategoryno": "674",
            "sapsegmentname": "EASTER RABBITS",
            "sapsegmentno": "10",
            "specialsgroupid": null,
            "PiesProductDepartmentNodeId": "1_39FD49C",
            "PiesProductDepartmentsjson": "[{\"Id\":\"1_39FD49C\",\"Description\":\"Pantry\"},{\"Id\":\"1_C4BB750\",\"Description\":\"Easter\"}]",
            "piesdepartmentnamesjson": "[\"Pantry\",\"Easter\"]",
            "piescategorynamesjson": "[\"Snacks & Confectionery\",\"Chocolate\"]",
            "piessubcategorynamesjson": "[\"Easter Bunnies\",\"Chocolate Boxes & Gifts\"]",
            "servingsize-total-nip": null,
            "servingsperpack-total-nip": null,
            "microwaveable": "False",
            "ovencook": "False",
            "vegetarian": "False",
            "freezable": "False",
            "containsnuts": "False",
            "containsgluten": "False",
            "description": "<p>A sweet Easter celebration with Red Tulip Sitting Rabbit.</p>",
            "ingredients": "Sugar, Milk Solids, Cocoa Mass, Cocoa Butter, Emulsifiers (Soy Lecithin, 476), Flavours.",
            "nutritionalinformation": "{\"Name\":\"Nutritional Information\",\"Attributes\":[{\"Id\":705,\"Name\":\"Carbohydrate Quantity Per 100g - Total - NIP\",\"Value\":\"63.9g\",\"Description\":\"Carbohydrate Quantity Per 100g - Total - NIP\",\"SortOrder\":83},{\"Id\":706,\"Name\":\"Carbohydrate Quantity Per Serve - Total - NIP\",\"Value\":\"16.0g\",\"Description\":\"Carbohydrate Quantity Per Serve - Total - NIP\",\"SortOrder\":87},{\"Id\":759,\"Name\":\"Energy kJ Quantity Per 100g - Total - NIP\",\"Value\":\"2230kJ\",\"Description\":\"Energy kJ Quantity Per 100g - Total - NIP\",\"SortOrder\":239},{\"Id\":760,\"Name\":\"Energy kJ Quantity Per Serve - Total - NIP\",\"Value\":\"558kJ\",\"Description\":\"Energy kJ Quantity Per Serve - Total - NIP\",\"SortOrder\":243},{\"Id\":253,\"Name\":\"Fat Saturated Quantity Per 100g - Total - NIP\",\"Value\":\"18.4g\",\"Description\":\"Fat Saturated Quantity Per 100g - Total - NIP\",\"SortOrder\":251},{\"Id\":258,\"Name\":\"Fat Saturated Quantity Per Serve - Total - NIP\",\"Value\":\"4.6g\",\"Description\":\"Fat Saturated Quantity Per Serve - Total - NIP\",\"SortOrder\":255},{\"Id\":764,\"Name\":\"Fat Total Quantity Per 100g - Total - NIP\",\"Value\":\"29.2g\",\"Description\":\"Fat Total Quantity Per 100g - Total - NIP\",\"SortOrder\":263},{\"Id\":264,\"Name\":\"Fat Total Quantity Per Serve - Total - NIP\",\"Value\":\"7.3g\",\"Description\":\"Fat Total Quantity Per Serve - Total - NIP\",\"SortOrder\":267},{\"Id\":878,\"Name\":\"Protein Quantity Per 100g - Total - NIP\",\"Value\":\"2.7g\",\"Description\":\"Protein Quantity Per 100g - Total - NIP\",\"SortOrder\":587},{\"Id\":882,\"Name\":\"Protein Quantity Per Serve - Total - NIP\",\"Value\":\"<1.0g\",\"Description\":\"Protein Quantity Per Serve - Total - NIP\",\"SortOrder\":591},{\"Id\":477,\"Name\":\"Serving Size - Total - NIP\",\"Value\":\"25g\",\"Description\":\"Serving Size - Total - NIP\",\"SortOrder\":607},{\"Id\":544,\"Name\":\"Servings Per Pack - Total - NIP\",\"Value\":\"6.8\",\"Description\":\"Servings Per Pack - Total - NIP\",\"SortOrder\":611},{\"Id\":491,\"Name\":\"Sodium Quantity Per 100g - Total - NIP\",\"Value\":\"77mg\",\"Description\":\"Sodium Quantity Per 100g - Total - NIP\",\"SortOrder\":623},{\"Id\":495,\"Name\":\"Sodium Quantity Per Serve - Total - NIP\",\"Value\":\"19mg\",\"Description\":\"Sodium Quantity Per Serve - Total - NIP\",\"SortOrder\":627},{\"Id\":908,\"Name\":\"Sugars Quantity Per 100g - SuffixUnits - NIP\",\"Value\":\"g\",\"Description\":\"Sugars Quantity Per 100g - SuffixUnits - NIP\",\"SortOrder\":646},{\"Id\":909,\"Name\":\"Sugars Quantity Per 100g - Total - NIP\",\"Value\":\"62.7g\",\"Description\":\"Sugars Quantity Per 100g - Total - NIP\",\"SortOrder\":647},{\"Id\":910,\"Name\":\"Sugars Quantity Per 100g - ValueWord - NIP\",\"Value\":\"62.7\",\"Description\":\"Sugars Quantity Per 100g - ValueWord - NIP\",\"SortOrder\":648},{\"Id\":911,\"Name\":\"Sugars Quantity Per Serve - SuffixUnits - NIP\",\"Value\":\"g\",\"Description\":\"Sugars Quantity Per Serve - SuffixUnits - NIP\",\"SortOrder\":650},{\"Id\":912,\"Name\":\"Sugars Quantity Per Serve - Total - NIP\",\"Value\":\"15.7g\",\"Description\":\"Sugars Quantity Per Serve - Total - NIP\",\"SortOrder\":651},{\"Id\":572,\"Name\":\"Sugars Quantity Per Serve - ValueWord - NIP\",\"Value\":\"15.7\",\"Description\":\"Sugars Quantity Per Serve - ValueWord - NIP\",\"SortOrder\":652}]}",
            "storageinstructions": "Please store in cool, dry conditions.",
            "usageinstructions": null,
            "brand": "red tulip",
            "manufacturer": null,
            "countryoforigin": null,
            "productheightmm": null,
            "productwidthmm": null,
            "productdepthmm": null,
            "wool_productpackaging": null,
            "recyclableinformation": null,
            "importantinformation": null,
            "allergencontains": "Milk, Soy",
            "allergenmaybepresent": "Peanuts, Tree Nuts",
            "allergystatement": "Lupin Free",
            "lifestyleanddietarystatement": "Gluten Free",
            "lifestyleclaim": null,
            "wool_dietaryclaim": null,
            "boxedcontents": null,
            "suitablefor": null,
            "fragrance": null,
            "colour": null,
            "antioxidant": "False",
            "addedvitaminsandminerals": "False",
            "bpafree": "False",
            "sulfatefree": "False",
            "parabenfree": "False",
            "claims": null,
            "alcoholfree": null,
            "anti-dandruff": null,
            "dermatologicallyapproved": null,
            "dermatologistrecommended": null,
            "dermatologisttested": null,
            "fragrance-free": null,
            "haircolour": null,
            "hairtype": null,
            "hypo-allergenic": null,
            "non-comedogenic": null,
            "oilfree": null,
            "ophthalmologistapproved": null,
            "ophthalmologisttested": null,
            "paba-free": null,
            "skincondition": null,
            "skintype": null,
            "soap-free": null,
            "spf": null,
            "sweatresistant": null,
            "timer": null,
            "waterresistant": null,
            "phbalanced": null,
            "antiseptic": "False",
            "antibacterial": "False",
            "activeconstituents": null,
            "contains": null,
            "microwavesafe": "False",
            "productimagecount": "1",
            "friendlydisclaimer": null,
            "productimages": "69549.jpg",
            "healthstarrating": "0",
            "tgawarnings": null,
            "vendorarticleid": null,
            "vendorcostprice": null,
            "tgawarning": null
          },
          "DetailsImagePaths": [
            "https://cdn0.woolworths.media/content/wowproductimages/large/069549.jpg"
          ],
          "Variety": "easter bunny",
          "Rating": {
            "ReviewCount": 0,
            "RatingCount": 0,
            "RatingSum": 0,
            "OneStarCount": 0,
            "TwoStarCount": 0,
            "ThreeStarCount": 0,
            "FourStarCount": 0,
            "FiveStarCount": 0,
            "Average": 0,
            "OneStarPercentage": 0,
            "TwoStarPercentage": 0,
            "ThreeStarPercentage": 0,
            "FourStarPercentage": 0,
            "FiveStarPercentage": 0
          },
          "HasProductSubs": false,
          "IsSponsoredAd": false,
          "AdID": null,
          "AdIndex": null,
          "ThirdPartyProductInfo": null,
          "MarketFeatures": null,
          "MarketSpecifications": null
        }
      ],
      "Name": "Red Tulip Giant Sitting Chocolate Easter Bunny"
    },
    {
      "Products": [
        {
          "TileID": 0,
          "Stockcode": 122172,
          "Barcode": "6003770007075",
          "GtinFormat": 13,
          "CupPrice": 2.3,
          "InstoreCupPrice": 2.3,
          "CupMeasure": "100G",
          "CupString": "$2.30 / 100G",
          "InstoreCupString": "$2.30 / 100G",
          "HasCupPrice": true,
          "InstoreHasCupPrice": true,
          "Price": 5.75,
          "InstorePrice": 5.75,
          "Name": "Nando's Peri Peri Sauce Extra Bloody Hot",
          "UrlFriendlyName": "nando-s-peri-peri-sauce-extra-bloody-hot",
          "Description": " Nando's Peri Peri Sauce<br>Extra Bloody Hot 250g",
          "SmallImageFile": "https://cdn0.woolworths.media/content/wowproductimages/small/122172.jpg",
          "MediumImageFile": "https://cdn0.woolworths.media/content/wowproductimages/medium/122172.jpg",
          "LargeImageFile": "https://cdn0.woolworths.media/content/wowproductimages/large/122172.jpg",
          "IsNew": false,
          "IsOnSpecial": false,
          "InstoreIsOnSpecial": false,
          "IsEdrSpecial": false,
          "SavingsAmount": 0,
          "InstoreSavingsAmount": 0,
          "WasPrice": 5.75,
          "InstoreWasPrice": 5.75,
          "QuantityInTrolley": 0,
          "Unit": "Each",
          "MinimumQuantity": 1,
          "HasBeenBoughtBefore": false,
          "IsInTrolley": false,
          "Source": "Aisle.Pantry",
          "SupplyLimit": 36,
          "IsRanged": false,
          "IsInStock": true,
          "PackageSize": "250g",
          "IsPmDelivery": false,
          "IsForCollection": true,
          "IsForDelivery": true,
          "IsForExpress": false,
          "ProductRestrictionMessage": null,
          "ProductWarningMessage": null,
          "CentreTag": {
            "TagContent": null,
            "TagLink": null,
            "FallbackText": null,
            "TagType": "None",
            "MultibuyData": null
          },
          "IsCentreTag": false,
          "ImageTag": {
            "TagContent": null,
            "TagLink": null,
            "FallbackText": "",
            "TagType": "None",
            "MultibuyData": null
          },
          "HeaderTag": null,
          "HasHeaderTag": false,
          "UnitWeightInGrams": 488,
          "SupplyLimitMessage": "'Nando's Peri Peri Sauce Extra Bloody Hot' has a supply limit of 36. The quantity in your cart has been reduced accordingly. To purchase a larger quantity, please contact us on 1800 000 610. Please note we do not supply trade orders.",
          "SmallFormatDescription": "Nando's Peri Peri Sauce Extra Bloody Hot",
          "FullDescription": "Nando's Peri Peri Sauce Extra Bloody Hot",
          "IsAvailable": true,
          "InstoreIsAvailable": true,
          "IsPurchasable": true,
          "InstoreIsPurchasable": true,
          "AgeRestricted": false,
          "DisplayQuantity": 1,
          "RichDescription": "<p>PERi-PERi sauce is made with African Bird's Eye chilli and a blend of ingredients - sun-ripened lemons, onion, garlic and spices. This one is for the heat seekers, not the faint-hearted! No Artificial Preservatives No Artificial Colours No Artificial Flavours No Added MSG</p>",
          "IsDeliveryPass": false,
          "HideWasSavedPrice": false,
          "SapCategories": null,
          "Brand": "nando's",
          "IsRestrictedByDeliveryMethod": false,
          "FooterTag": {
            "TagContent": null,
            "TagLink": null,
            "FallbackText": null,
            "TagType": "None",
            "MultibuyData": null
          },
          "IsFooterEnabled": false,
          "Diagnostics": "1332",
          "IsBundle": false,
          "IsInFamily": false,
          "ChildProducts": [],
          "UrlOverride": null,
          "AdditionalAttributes": {
            "sapdepartmentname": "GROCERIES",
            "sapdepartmentno": "5",
            "sapcategoryname": "CONDIMENTS",
            "sapcategoryno": "81",
            "sapsubcategoryname": "SAUCES",
            "sapsubcategoryno": "159",
            "sapsegmentname": "CHILLI SAUCE",
            "sapsegmentno": "7",
            "specialsgroupid": null,
            "PiesProductDepartmentNodeId": "1_39FD49C",
            "PiesProductDepartmentsjson": "[{\"Id\":\"1_39FD49C\",\"Description\":\"Pantry\"}]",
            "piesdepartmentnamesjson": "[\"Pantry\"]",
            "piescategorynamesjson": "[\"Condiments\",\"Sauce, Oil & Vinegar\"]",
            "piessubcategorynamesjson": "[\"Sweet Chilli & Hot Sauce\",\"Soy & Asian Sauces\",\"Sweet Chilli & Hot Sauce\"]",
            "servingsize-total-nip": null,
            "servingsperpack-total-nip": null,
            "microwaveable": "False",
            "ovencook": "False",
            "vegetarian": "False",
            "freezable": "False",
            "containsnuts": "False",
            "containsgluten": "False",
            "description": "<p>PERi-PERi sauce is made with African Bird's Eye chilli and a blend of ingredients - sun-ripened lemons, onion, garlic and spices. This one is for the heat seekers, not the faint-hearted! No Artificial Preservatives No Artificial Colours No Artificial Flavours No Added MSG</p>",
            "ingredients": "Water, Vinegar, Spices (African Bird's Eye Chilli, Cayenne Pepper, Paprika), Lemon Puree (5%), Sunflower Seed Oil, Serrano Chilli, Stabilisers (Xanthan Gum, Propylene Glycol Alginate), Garlic Puree, Thickener (Modified Maize Starch), Antioxidant (Ascorbic Acid), Rosemary Extract.",
            "nutritionalinformation": "{\"Name\":\"Nutritional Information\",\"Attributes\":[{\"Id\":705,\"Name\":\"Carbohydrate Quantity Per 100g - Total - NIP\",\"Value\":\"Approx.4g\",\"Description\":\"Carbohydrate Quantity Per 100g - Total - NIP\",\"SortOrder\":83},{\"Id\":706,\"Name\":\"Carbohydrate Quantity Per Serve - Total - NIP\",\"Value\":\"Approx.0.8g\",\"Description\":\"Carbohydrate Quantity Per Serve - Total - NIP\",\"SortOrder\":87},{\"Id\":759,\"Name\":\"Energy kJ Quantity Per 100g - Total - NIP\",\"Value\":\"Approx.198kJ\",\"Description\":\"Energy kJ Quantity Per 100g - Total - NIP\",\"SortOrder\":239},{\"Id\":760,\"Name\":\"Energy kJ Quantity Per Serve - Total - NIP\",\"Value\":\"Approx.40kJ\",\"Description\":\"Energy kJ Quantity Per Serve - Total - NIP\",\"SortOrder\":243},{\"Id\":253,\"Name\":\"Fat Saturated Quantity Per 100g - Total - NIP\",\"Value\":\"Approx.0.3g\",\"Description\":\"Fat Saturated Quantity Per 100g - Total - NIP\",\"SortOrder\":251},{\"Id\":258,\"Name\":\"Fat Saturated Quantity Per Serve - Total - NIP\",\"Value\":\"Approx.0.1g\",\"Description\":\"Fat Saturated Quantity Per Serve - Total - NIP\",\"SortOrder\":255},{\"Id\":764,\"Name\":\"Fat Total Quantity Per 100g - Total - NIP\",\"Value\":\"Approx.1.9g\",\"Description\":\"Fat Total Quantity Per 100g - Total - NIP\",\"SortOrder\":263},{\"Id\":264,\"Name\":\"Fat Total Quantity Per Serve - Total - NIP\",\"Value\":\"Approx.0.4g\",\"Description\":\"Fat Total Quantity Per Serve - Total - NIP\",\"SortOrder\":267},{\"Id\":878,\"Name\":\"Protein Quantity Per 100g - Total - NIP\",\"Value\":\"Approx.1.8g\",\"Description\":\"Protein Quantity Per 100g - Total - NIP\",\"SortOrder\":587},{\"Id\":882,\"Name\":\"Protein Quantity Per Serve - Total - NIP\",\"Value\":\"Approx.0.4g\",\"Description\":\"Protein Quantity Per Serve - Total - NIP\",\"SortOrder\":591},{\"Id\":477,\"Name\":\"Serving Size - Total - NIP\",\"Value\":\"20g\",\"Description\":\"Serving Size - Total - NIP\",\"SortOrder\":607},{\"Id\":544,\"Name\":\"Servings Per Pack - Total - NIP\",\"Value\":\"12\",\"Description\":\"Servings Per Pack - Total - NIP\",\"SortOrder\":611},{\"Id\":491,\"Name\":\"Sodium Quantity Per 100g - Total - NIP\",\"Value\":\"Approx.1720mg\",\"Description\":\"Sodium Quantity Per 100g - Total - NIP\",\"SortOrder\":623},{\"Id\":495,\"Name\":\"Sodium Quantity Per Serve - Total - NIP\",\"Value\":\"Approx.344mg\",\"Description\":\"Sodium Quantity Per Serve - Total - NIP\",\"SortOrder\":627},{\"Id\":907,\"Name\":\"Sugars Quantity Per 100g - Prefix - NIP\",\"Value\":\"Approx.\",\"Description\":\"Sugars Quantity Per 100g - Prefix - NIP\",\"SortOrder\":645},{\"Id\":908,\"Name\":\"Sugars Quantity Per 100g - SuffixUnits - NIP\",\"Value\":\"g\",\"Description\":\"Sugars Quantity Per 100g - SuffixUnits - NIP\",\"SortOrder\":646},{\"Id\":909,\"Name\":\"Sugars Quantity Per 100g - Total - NIP\",\"Value\":\"Approx.2.7g\",\"Description\":\"Sugars Quantity Per 100g - Total - NIP\",\"SortOrder\":647},{\"Id\":910,\"Name\":\"Sugars Quantity Per 100g - ValueWord - NIP\",\"Value\":\"2.7\",\"Description\":\"Sugars Quantity Per 100g - ValueWord - NIP\",\"SortOrder\":648},{\"Id\":504,\"Name\":\"Sugars Quantity Per Serve - Prefix - NIP\",\"Value\":\"Approx.\",\"Description\":\"Sugars Quantity Per Serve - Prefix - NIP\",\"SortOrder\":649},{\"Id\":911,\"Name\":\"Sugars Quantity Per Serve - SuffixUnits - NIP\",\"Value\":\"g\",\"Description\":\"Sugars Quantity Per Serve - SuffixUnits - NIP\",\"SortOrder\":650},{\"Id\":912,\"Name\":\"Sugars Quantity Per Serve - Total - NIP\",\"Value\":\"Approx.0.5g\",\"Description\":\"Sugars Quantity Per Serve - Total - NIP\",\"SortOrder\":651},{\"Id\":572,\"Name\":\"Sugars Quantity Per Serve - ValueWord - NIP\",\"Value\":\"0.5\",\"Description\":\"Sugars Quantity Per Serve - ValueWord - NIP\",\"SortOrder\":652}]}",
            "storageinstructions": null,
            "usageinstructions": null,
            "brand": "nando's",
            "manufacturer": null,
            "countryoforigin": null,
            "productheightmm": null,
            "productwidthmm": null,
            "productdepthmm": null,
            "wool_productpackaging": null,
            "recyclableinformation": null,
            "importantinformation": null,
            "allergencontains": null,
            "allergenmaybepresent": null,
            "allergystatement": "No Artificial Colours or Flavours",
            "lifestyleanddietarystatement": "Kosher",
            "lifestyleclaim": "Kosher, Vegetarian, Halal",
            "wool_dietaryclaim": null,
            "boxedcontents": null,
            "suitablefor": "Vegetarian",
            "fragrance": null,
            "colour": null,
            "antioxidant": "False",
            "addedvitaminsandminerals": "False",
            "bpafree": "False",
            "sulfatefree": "False",
            "parabenfree": "False",
            "claims": null,
            "alcoholfree": null,
            "anti-dandruff": null,
            "dermatologicallyapproved": null,
            "dermatologistrecommended": null,
            "dermatologisttested": null,
            "fragrance-free": null,
            "haircolour": null,
            "hairtype": null,
            "hypo-allergenic": null,
            "non-comedogenic": null,
            "oilfree": null,
            "ophthalmologistapproved": null,
            "ophthalmologisttested": null,
            "paba-free": null,
            "skincondition": null,
            "skintype": null,
            "soap-free": null,
            "spf": null,
            "sweatresistant": null,
            "timer": null,
            "waterresistant": null,
            "phbalanced": null,
            "antiseptic": "False",
            "antibacterial": "False",
            "activeconstituents": null,
            "contains": null,
            "microwavesafe": "False",
            "productimagecount": "1",
            "friendlydisclaimer": null,
            "productimages": "122172.jpg",
            "healthstarrating": "0",
            "tgawarnings": null,
            "vendorarticleid": null,
            "vendorcostprice": null,
            "tgawarning": null
          },
          "DetailsImagePaths": [
            "https://cdn0.woolworths.media/content/wowproductimages/large/122172.jpg"
          ],
          "Variety": "hot",
          "Rating": {
            "ReviewCount": 0,
            "RatingCount": 0,
            "RatingSum": 0,
            "OneStarCount": 0,
            "TwoStarCount": 0,
            "ThreeStarCount": 0,
            "FourStarCount": 0,
            "FiveStarCount": 0,
            "Average": 0,
            "OneStarPercentage": 0,
            "TwoStarPercentage": 0,
            "ThreeStarPercentage": 0,
            "FourStarPercentage": 0,
            "FiveStarPercentage": 0
          },
          "HasProductSubs": false,
          "IsSponsoredAd": false,
          "AdID": null,
          "AdIndex": null,
          "ThirdPartyProductInfo": null,
          "MarketFeatures": null,
          "MarketSpecifications": null
        }
      ],
      "Name": "Nando's Peri Peri Sauce Extra Bloody Hot"
    },
    {
      "Products": [
        {
          "TileID": 0,
          "Stockcode": 381343,
          "Barcode": "9321885002035",
          "GtinFormat": 13,
          "CupPrice": 5.75,
          "InstoreCupPrice": 5.75,
          "CupMeasure": "1KG",
          "CupString": "$5.75 / 1KG",
          "InstoreCupString": "$5.75 / 1KG",
          "HasCupPrice": true,
          "InstoreHasCupPrice": true,
          "Price": 5.75,
          "InstorePrice": 5.75,
          "Name": "Laucke Pizza & Focaccia Dough Mix",
          "UrlFriendlyName": "laucke-pizza-focaccia-dough-mix",
          "Description": " Laucke Pizza & Focaccia<br>Dough Mix 1kg",
          "SmallImageFile": "https://cdn0.woolworths.media/content/wowproductimages/small/381343.jpg",
          "MediumImageFile": "https://cdn0.woolworths.media/content/wowproductimages/medium/381343.jpg",
          "LargeImageFile": "https://cdn0.woolworths.media/content/wowproductimages/large/381343.jpg",
          "IsNew": false,
          "IsOnSpecial": true,
          "InstoreIsOnSpecial": true,
          "IsEdrSpecial": false,
          "SavingsAmount": 0.65,
          "InstoreSavingsAmount": 0.65,
          "WasPrice": 6.4,
          "InstoreWasPrice": 6.4,
          "QuantityInTrolley": 0,
          "Unit": "Each",
          "MinimumQuantity": 1,
          "HasBeenBoughtBefore": false,
          "IsInTrolley": false,
          "Source": "Aisle.Pantry",
          "SupplyLimit": 36,
          "IsRanged": false,
          "IsInStock": true,
          "PackageSize": "1kg",
          "IsPmDelivery": false,
          "IsForCollection": true,
          "IsForDelivery": true,
          "IsForExpress": false,
          "ProductRestrictionMessage": null,
          "ProductWarningMessage": null,
          "CentreTag": {
            "TagContent": null,
            "TagLink": null,
            "FallbackText": null,
            "TagType": "None",
            "MultibuyData": null
          },
          "IsCentreTag": false,
          "ImageTag": {
            "TagContent": "/content/promotiontags/roundel-special-200x200.png",
            "TagLink": "",
            "FallbackText": "On Special",
            "TagType": "None",
            "MultibuyData": null
          },
          "HeaderTag": {
            "BackgroundColor": "#fd0",
            "BorderColor": "#fd0",
            "TextColor": "#000",
            "Content": "Save $0.65",
            "TagLink": null,
            "Promotion": "Special"
          },
          "HasHeaderTag": true,
          "UnitWeightInGrams": 1000,
          "SupplyLimitMessage": "'Laucke Pizza & Focaccia Dough Mix' has a supply limit of 36. The quantity in your cart has been reduced accordingly. To purchase a larger quantity, please contact us on 1800 000 610. Please note we do not supply trade orders.",
          "SmallFormatDescription": "Laucke Pizza & Focaccia Dough Mix",
          "FullDescription": "Laucke Pizza & Focaccia Dough Mix",
          "IsAvailable": true,
          "InstoreIsAvailable": true,
          "IsPurchasable": true,
          "InstoreIsPurchasable": true,
          "AgeRestricted": false,
          "DisplayQuantity": 1,
          "RichDescription": "<p>- Yeast provided</p><p>- Hand or machine preparation</p><p>- No Preservatives</p><p>- Just add water and your favourite toppings</p><p>Friedrich Laucke was very proud to become an Australian citizen, and-So over 100 years ago he gained Royal approval to associate the symbols of Australia with his products.</p><p>The kangaroo, emu and crown remain incorporated in our seal of quality and represent our quality promise to you: we will always endeavour to exceed your expectations for quality and service.</p><p>Friedrich Laucke established his first flour mill in the Barossa Valley in 1899. Since then, four generations of the Laucke family have continued to produce quality flour and mixes and proudly remain 100% Australian owned and operated. The current generations of the Laucke family continue Friedrich's original promise of quality, service and integrity.</p>",
          "IsDeliveryPass": false,
          "HideWasSavedPrice": false,
          "SapCategories": null,
          "Brand": "laucke",
          "IsRestrictedByDeliveryMethod": false,
          "FooterTag": {
            "TagContent": null,
            "TagLink": null,
            "FallbackText": null,
            "TagType": "None",
            "MultibuyData": null
          },
          "IsFooterEnabled": false,
          "Diagnostics": "1333",
          "IsBundle": false,
          "IsInFamily": false,
          "ChildProducts": [],
          "UrlOverride": null,
          "AdditionalAttributes": {
            "sapdepartmentname": "GROCERIES",
            "sapdepartmentno": "5",
            "sapcategoryname": "COOKING NEEDS",
            "sapcategoryno": "74",
            "sapsubcategoryname": "BREAD MIX",
            "sapsubcategoryno": "181",
            "sapsegmentname": "BREAD MIX 1KG & UNDER",
            "sapsegmentno": "1",
            "specialsgroupid": null,
            "PiesProductDepartmentNodeId": "1_39FD49C",
            "PiesProductDepartmentsjson": "[{\"Id\":\"1_39FD49C\",\"Description\":\"Pantry\"},{\"Id\":\"1_C4BB750\",\"Description\":\"Easter\"}]",
            "piesdepartmentnamesjson": "[\"Pantry\",\"Easter\"]",
            "piescategorynamesjson": "[\"Baking\",\"Baking\"]",
            "piessubcategorynamesjson": "[\"Bread Mix\",\"Flour & Pastry\"]",
            "servingsize-total-nip": null,
            "servingsperpack-total-nip": null,
            "microwaveable": "False",
            "ovencook": "False",
            "vegetarian": "False",
            "freezable": "False",
            "containsnuts": "False",
            "containsgluten": "False",
            "description": "<p>- Yeast provided</p><p>- Hand or machine preparation</p><p>- No Preservatives</p><p>- Just add water and your favourite toppings</p><p>Friedrich Laucke was very proud to become an Australian citizen, and-So over 100 years ago he gained Royal approval to associate the symbols of Australia with his products.</p><p>The kangaroo, emu and crown remain incorporated in our seal of quality and represent our quality promise to you: we will always endeavour to exceed your expectations for quality and service.</p><p>Friedrich Laucke established his first flour mill in the Barossa Valley in 1899. Since then, four generations of the Laucke family have continued to produce quality flour and mixes and proudly remain 100% Australian owned and operated. The current generations of the Laucke family continue Friedrich's original promise of quality, service and integrity.</p>",
            "ingredients": "Pizza And Focaccia Mix Ingredients:<br>Unbleached Wheaten Flour, Non-Iodised Salt, Vegetable Oil, Malt Flour, Mineral Salt (E170), Soy Flour, Emulsifier (E472), Vegetable Gum (E412), Inactive Dry Yeast, Ascorbic Acid (Vitamin C), Enzyme, Vitamin (Thiamine, Folic Acid).<br>Yeast Sachet Ingredients:<br>Dry Yeast Incorporating Emulsifier (E491).",
            "nutritionalinformation": "{\"Name\":\"Nutritional Information\",\"Attributes\":[{\"Id\":705,\"Name\":\"Carbohydrate Quantity Per 100g - Total - NIP\",\"Value\":\"46.5g\",\"Description\":\"Carbohydrate Quantity Per 100g - Total - NIP\",\"SortOrder\":83},{\"Id\":706,\"Name\":\"Carbohydrate Quantity Per Serve - Total - NIP\",\"Value\":\"41.9g\",\"Description\":\"Carbohydrate Quantity Per Serve - Total - NIP\",\"SortOrder\":87},{\"Id\":759,\"Name\":\"Energy kJ Quantity Per 100g - Total - NIP\",\"Value\":\"1012kJ\",\"Description\":\"Energy kJ Quantity Per 100g - Total - NIP\",\"SortOrder\":239},{\"Id\":760,\"Name\":\"Energy kJ Quantity Per Serve - Total - NIP\",\"Value\":\"910kJ\",\"Description\":\"Energy kJ Quantity Per Serve - Total - NIP\",\"SortOrder\":243},{\"Id\":253,\"Name\":\"Fat Saturated Quantity Per 100g - Total - NIP\",\"Value\":\"0.27g\",\"Description\":\"Fat Saturated Quantity Per 100g - Total - NIP\",\"SortOrder\":251},{\"Id\":258,\"Name\":\"Fat Saturated Quantity Per Serve - Total - NIP\",\"Value\":\"0.2g\",\"Description\":\"Fat Saturated Quantity Per Serve - Total - NIP\",\"SortOrder\":255},{\"Id\":764,\"Name\":\"Fat Total Quantity Per 100g - Total - NIP\",\"Value\":\"1.5g\",\"Description\":\"Fat Total Quantity Per 100g - Total - NIP\",\"SortOrder\":263},{\"Id\":264,\"Name\":\"Fat Total Quantity Per Serve - Total - NIP\",\"Value\":\"1.4g\",\"Description\":\"Fat Total Quantity Per Serve - Total - NIP\",\"SortOrder\":267},{\"Id\":878,\"Name\":\"Protein Quantity Per 100g - Total - NIP\",\"Value\":\"7.8g\",\"Description\":\"Protein Quantity Per 100g - Total - NIP\",\"SortOrder\":587},{\"Id\":882,\"Name\":\"Protein Quantity Per Serve - Total - NIP\",\"Value\":\"7.0g\",\"Description\":\"Protein Quantity Per Serve - Total - NIP\",\"SortOrder\":591},{\"Id\":477,\"Name\":\"Serving Size - Total - NIP\",\"Value\":\"1Slice (90g)\",\"Description\":\"Serving Size - Total - NIP\",\"SortOrder\":607},{\"Id\":907,\"Name\":\"Sugars Quantity Per 100g - Prefix - NIP\",\"Value\":\"\",\"Description\":\"Sugars Quantity Per 100g - Prefix - NIP\",\"SortOrder\":645},{\"Id\":908,\"Name\":\"Sugars Quantity Per 100g - SuffixUnits - NIP\",\"Value\":\"g\",\"Description\":\"Sugars Quantity Per 100g - SuffixUnits - NIP\",\"SortOrder\":646},{\"Id\":909,\"Name\":\"Sugars Quantity Per 100g - Total - NIP\",\"Value\":\"1.0g\",\"Description\":\"Sugars Quantity Per 100g - Total - NIP\",\"SortOrder\":647},{\"Id\":910,\"Name\":\"Sugars Quantity Per 100g - ValueWord - NIP\",\"Value\":\"1.0\",\"Description\":\"Sugars Quantity Per 100g - ValueWord - NIP\",\"SortOrder\":648},{\"Id\":504,\"Name\":\"Sugars Quantity Per Serve - Prefix - NIP\",\"Value\":\"\",\"Description\":\"Sugars Quantity Per Serve - Prefix - NIP\",\"SortOrder\":649},{\"Id\":911,\"Name\":\"Sugars Quantity Per Serve - SuffixUnits - NIP\",\"Value\":\"g\",\"Description\":\"Sugars Quantity Per Serve - SuffixUnits - NIP\",\"SortOrder\":650},{\"Id\":912,\"Name\":\"Sugars Quantity Per Serve - Total - NIP\",\"Value\":\"0.9g\",\"Description\":\"Sugars Quantity Per Serve - Total - NIP\",\"SortOrder\":651},{\"Id\":572,\"Name\":\"Sugars Quantity Per Serve - ValueWord - NIP\",\"Value\":\"0.9\",\"Description\":\"Sugars Quantity Per Serve - ValueWord - NIP\",\"SortOrder\":652}]}",
            "storageinstructions": "Store in a cool dry place.",
            "usageinstructions": null,
            "brand": "laucke",
            "manufacturer": null,
            "countryoforigin": null,
            "productheightmm": null,
            "productwidthmm": null,
            "productdepthmm": null,
            "wool_productpackaging": null,
            "recyclableinformation": null,
            "importantinformation": null,
            "allergencontains": "Gluten, Soy, Wheat",
            "allergenmaybepresent": null,
            "allergystatement": "No Artificial Preservatives",
            "lifestyleanddietarystatement": "Source of Protein",
            "lifestyleclaim": "GMO Free",
            "wool_dietaryclaim": "No Preservatives",
            "boxedcontents": null,
            "suitablefor": null,
            "fragrance": null,
            "colour": null,
            "antioxidant": "False",
            "addedvitaminsandminerals": "False",
            "bpafree": "False",
            "sulfatefree": "False",
            "parabenfree": "False",
            "claims": null,
            "alcoholfree": null,
            "anti-dandruff": null,
            "dermatologicallyapproved": null,
            "dermatologistrecommended": null,
            "dermatologisttested": null,
            "fragrance-free": null,
            "haircolour": null,
            "hairtype": null,
            "hypo-allergenic": null,
            "non-comedogenic": null,
            "oilfree": null,
            "ophthalmologistapproved": null,
            "ophthalmologisttested": null,
            "paba-free": null,
            "skincondition": null,
            "skintype": null,
            "soap-free": null,
            "spf": null,
            "sweatresistant": null,
            "timer": null,
            "waterresistant": null,
            "phbalanced": null,
            "antiseptic": "False",
            "antibacterial": "False",
            "activeconstituents": null,
            "contains": null,
            "microwavesafe": "False",
            "productimagecount": "7",
            "friendlydisclaimer": null,
            "productimages": "381343.jpg,381343_1.jpg,381343_2.jpg,381343_3.jpg,381343_4.jpg,381343_5.jpg,381343_6.jpg",
            "healthstarrating": "0",
            "tgawarnings": null,
            "vendorarticleid": null,
            "vendorcostprice": null,
            "tgawarning": null
          },
          "DetailsImagePaths": [
            "https://cdn0.woolworths.media/content/wowproductimages/large/381343.jpg",
            "https://cdn0.woolworths.media/content/wowproductimages/large/381343_1.jpg",
            "https://cdn0.woolworths.media/content/wowproductimages/large/381343_2.jpg",
            "https://cdn0.woolworths.media/content/wowproductimages/large/381343_3.jpg",
            "https://cdn0.woolworths.media/content/wowproductimages/large/381343_4.jpg",
            "https://cdn0.woolworths.media/content/wowproductimages/large/381343_5.jpg",
            "https://cdn0.woolworths.media/content/wowproductimages/large/381343_6.jpg"
          ],
          "Variety": "dough mix",
          "Rating": {
            "ReviewCount": 0,
            "RatingCount": 0,
            "RatingSum": 0,
            "OneStarCount": 0,
            "TwoStarCount": 0,
            "ThreeStarCount": 0,
            "FourStarCount": 0,
            "FiveStarCount": 0,
            "Average": 0,
            "OneStarPercentage": 0,
            "TwoStarPercentage": 0,
            "ThreeStarPercentage": 0,
            "FourStarPercentage": 0,
            "FiveStarPercentage": 0
          },
          "HasProductSubs": false,
          "IsSponsoredAd": false,
          "AdID": null,
          "AdIndex": null,
          "ThirdPartyProductInfo": null,
          "MarketFeatures": null,
          "MarketSpecifications": null
        }
      ],
      "Name": "Laucke Pizza & Focaccia Dough Mix"
    },
    {
      "Products": [
        {
          "TileID": 0,
          "Stockcode": 473749,
          "Barcode": "6003770000168",
          "GtinFormat": 13,
          "CupPrice": 2.3,
          "InstoreCupPrice": 2.3,
          "CupMeasure": "100G",
          "CupString": "$2.30 / 100G",
          "InstoreCupString": "$2.30 / 100G",
          "HasCupPrice": true,
          "InstoreHasCupPrice": true,
          "Price": 5.75,
          "InstorePrice": 5.75,
          "Name": "Nando's Medium Peri Peri Sauce",
          "UrlFriendlyName": "nando-s-medium-peri-peri-sauce",
          "Description": " Nando's Medium Peri Peri<br>Sauce 250g",
          "SmallImageFile": "https://cdn0.woolworths.media/content/wowproductimages/small/473749.jpg",
          "MediumImageFile": "https://cdn0.woolworths.media/content/wowproductimages/medium/473749.jpg",
          "LargeImageFile": "https://cdn0.woolworths.media/content/wowproductimages/large/473749.jpg",
          "IsNew": false,
          "IsOnSpecial": false,
          "InstoreIsOnSpecial": false,
          "IsEdrSpecial": false,
          "SavingsAmount": 0,
          "InstoreSavingsAmount": 0,
          "WasPrice": 5.75,
          "InstoreWasPrice": 5.75,
          "QuantityInTrolley": 0,
          "Unit": "Each",
          "MinimumQuantity": 1,
          "HasBeenBoughtBefore": false,
          "IsInTrolley": false,
          "Source": "Aisle.Pantry",
          "SupplyLimit": 36,
          "IsRanged": false,
          "IsInStock": true,
          "PackageSize": "250g",
          "IsPmDelivery": false,
          "IsForCollection": true,
          "IsForDelivery": true,
          "IsForExpress": false,
          "ProductRestrictionMessage": null,
          "ProductWarningMessage": null,
          "CentreTag": {
            "TagContent": null,
            "TagLink": null,
            "FallbackText": null,
            "TagType": "None",
            "MultibuyData": null
          },
          "IsCentreTag": false,
          "ImageTag": {
            "TagContent": null,
            "TagLink": null,
            "FallbackText": "",
            "TagType": "None",
            "MultibuyData": null
          },
          "HeaderTag": null,
          "HasHeaderTag": false,
          "UnitWeightInGrams": 488,
          "SupplyLimitMessage": "'Nando's Medium Peri Peri Sauce' has a supply limit of 36. The quantity in your cart has been reduced accordingly. To purchase a larger quantity, please contact us on 1800 000 610. Please note we do not supply trade orders.",
          "SmallFormatDescription": "Nando's Medium Peri Peri Sauce",
          "FullDescription": "Nando's Medium Peri Peri Sauce",
          "IsAvailable": true,
          "InstoreIsAvailable": true,
          "IsPurchasable": true,
          "InstoreIsPurchasable": true,
          "AgeRestricted": false,
          "DisplayQuantity": 1,
          "RichDescription": "PERi-PERi sauce is made with African Bird's Eye Chilli and a blend of ingredients onion, sun-ripened lemons, garlic and spices. This one has a medium kick of heat and is full of flavour for the whole family.\n\nPERi-PERi is the heart and soul of Nando's and the secret ingredient behind Nando's restaurants worldwide.\n\nNo Artificial Preservatives\n\nNo Artificial Colours\n\nNo Artificial Flavours\n\nNo Added MSG",
          "IsDeliveryPass": false,
          "HideWasSavedPrice": false,
          "SapCategories": null,
          "Brand": "nando's",
          "IsRestrictedByDeliveryMethod": false,
          "FooterTag": {
            "TagContent": null,
            "TagLink": null,
            "FallbackText": null,
            "TagType": "None",
            "MultibuyData": null
          },
          "IsFooterEnabled": false,
          "Diagnostics": "1334",
          "IsBundle": false,
          "IsInFamily": false,
          "ChildProducts": [],
          "UrlOverride": null,
          "AdditionalAttributes": {
            "sapdepartmentname": "GROCERIES",
            "sapdepartmentno": "5",
            "sapcategoryname": "CONDIMENTS",
            "sapcategoryno": "81",
            "sapsubcategoryname": "SAUCES",
            "sapsubcategoryno": "159",
            "sapsegmentname": "CHILLI SAUCE",
            "sapsegmentno": "7",
            "specialsgroupid": null,
            "PiesProductDepartmentNodeId": "1_39FD49C",
            "PiesProductDepartmentsjson": "[{\"Id\":\"1_39FD49C\",\"Description\":\"Pantry\"}]",
            "piesdepartmentnamesjson": "[\"Pantry\"]",
            "piescategorynamesjson": "[\"Condiments\",\"Sauce, Oil & Vinegar\"]",
            "piessubcategorynamesjson": "[\"Sweet Chilli & Hot Sauce\",\"Sweet Chilli & Hot Sauce\",\"Soy & Asian Sauces\"]",
            "servingsize-total-nip": null,
            "servingsperpack-total-nip": null,
            "microwaveable": "False",
            "ovencook": "False",
            "vegetarian": "False",
            "freezable": "False",
            "containsnuts": "False",
            "containsgluten": "False",
            "description": "PERi-PERi sauce is made with African Bird's Eye Chilli and a blend of ingredients onion, sun-ripened lemons, garlic and spices. This one has a medium kick of heat and is full of flavour for the whole family.\n\nPERi-PERi is the heart and soul of Nando's and the secret ingredient behind Nando's restaurants worldwide.\n\nNo Artificial Preservatives\n\nNo Artificial Colours\n\nNo Artificial Flavours\n\nNo Added MSG",
            "ingredients": "Water, White Vinegar, Onion (12T0), Salt, Lemon (4%), Vegetable Oil (Sunflower Seeds), Spices (includingAfrican Bird's Eye Chilli) Serrano Chilli, Garlic, Stabilisers (Xanthan Gum, Propylene Glycol Alginate), Antioxidant(Calcium Disodium EDTA). ",
            "nutritionalinformation": "{\"Name\":\"Nutritional Information\",\"Attributes\":[{\"Id\":705,\"Name\":\"Carbohydrate Quantity Per 100g - Total - NIP\",\"Value\":\"8.4g\",\"Description\":\"Carbohydrate Quantity Per 100g - Total - NIP\",\"SortOrder\":83},{\"Id\":706,\"Name\":\"Carbohydrate Quantity Per Serve - Total - NIP\",\"Value\":\"1.7g\",\"Description\":\"Carbohydrate Quantity Per Serve - Total - NIP\",\"SortOrder\":87},{\"Id\":759,\"Name\":\"Energy kJ Quantity Per 100g - Total - NIP\",\"Value\":\"288kJ\",\"Description\":\"Energy kJ Quantity Per 100g - Total - NIP\",\"SortOrder\":239},{\"Id\":760,\"Name\":\"Energy kJ Quantity Per Serve - Total - NIP\",\"Value\":\"58kJ\",\"Description\":\"Energy kJ Quantity Per Serve - Total - NIP\",\"SortOrder\":243},{\"Id\":253,\"Name\":\"Fat Saturated Quantity Per 100g - Total - NIP\",\"Value\":\"0.4g\",\"Description\":\"Fat Saturated Quantity Per 100g - Total - NIP\",\"SortOrder\":251},{\"Id\":258,\"Name\":\"Fat Saturated Quantity Per Serve - Total - NIP\",\"Value\":\"0.1g\",\"Description\":\"Fat Saturated Quantity Per Serve - Total - NIP\",\"SortOrder\":255},{\"Id\":764,\"Name\":\"Fat Total Quantity Per 100g - Total - NIP\",\"Value\":\"3.7g\",\"Description\":\"Fat Total Quantity Per 100g - Total - NIP\",\"SortOrder\":263},{\"Id\":264,\"Name\":\"Fat Total Quantity Per Serve - Total - NIP\",\"Value\":\"0.7g\",\"Description\":\"Fat Total Quantity Per Serve - Total - NIP\",\"SortOrder\":267},{\"Id\":878,\"Name\":\"Protein Quantity Per 100g - Total - NIP\",\"Value\":\"0.5g\",\"Description\":\"Protein Quantity Per 100g - Total - NIP\",\"SortOrder\":587},{\"Id\":882,\"Name\":\"Protein Quantity Per Serve - Total - NIP\",\"Value\":\"0.1g\",\"Description\":\"Protein Quantity Per Serve - Total - NIP\",\"SortOrder\":591},{\"Id\":477,\"Name\":\"Serving Size - Total - NIP\",\"Value\":\"20g\",\"Description\":\"Serving Size - Total - NIP\",\"SortOrder\":607},{\"Id\":544,\"Name\":\"Servings Per Pack - Total - NIP\",\"Value\":\"12\",\"Description\":\"Servings Per Pack - Total - NIP\",\"SortOrder\":611},{\"Id\":491,\"Name\":\"Sodium Quantity Per 100g - Total - NIP\",\"Value\":\"2.5g / 2475mg\",\"Description\":\"Sodium Quantity Per 100g - Total - NIP\",\"SortOrder\":623},{\"Id\":495,\"Name\":\"Sodium Quantity Per Serve - Total - NIP\",\"Value\":\"0.5g / 495mg\",\"Description\":\"Sodium Quantity Per Serve - Total - NIP\",\"SortOrder\":627},{\"Id\":907,\"Name\":\"Sugars Quantity Per 100g - Prefix - NIP\",\"Value\":\"\",\"Description\":\"Sugars Quantity Per 100g - Prefix - NIP\",\"SortOrder\":645},{\"Id\":908,\"Name\":\"Sugars Quantity Per 100g - SuffixUnits - NIP\",\"Value\":\"\",\"Description\":\"Sugars Quantity Per 100g - SuffixUnits - NIP\",\"SortOrder\":646},{\"Id\":909,\"Name\":\"Sugars Quantity Per 100g - Total - NIP\",\"Value\":\"7.7\",\"Description\":\"Sugars Quantity Per 100g - Total - NIP\",\"SortOrder\":647},{\"Id\":910,\"Name\":\"Sugars Quantity Per 100g - ValueWord - NIP\",\"Value\":\"7.7\",\"Description\":\"Sugars Quantity Per 100g - ValueWord - NIP\",\"SortOrder\":648},{\"Id\":504,\"Name\":\"Sugars Quantity Per Serve - Prefix - NIP\",\"Value\":\"\",\"Description\":\"Sugars Quantity Per Serve - Prefix - NIP\",\"SortOrder\":649},{\"Id\":911,\"Name\":\"Sugars Quantity Per Serve - SuffixUnits - NIP\",\"Value\":\"g\",\"Description\":\"Sugars Quantity Per Serve - SuffixUnits - NIP\",\"SortOrder\":650},{\"Id\":912,\"Name\":\"Sugars Quantity Per Serve - Total - NIP\",\"Value\":\"1.5g\",\"Description\":\"Sugars Quantity Per Serve - Total - NIP\",\"SortOrder\":651},{\"Id\":572,\"Name\":\"Sugars Quantity Per Serve - ValueWord - NIP\",\"Value\":\"1.5\",\"Description\":\"Sugars Quantity Per Serve - ValueWord - NIP\",\"SortOrder\":652}]}",
            "storageinstructions": null,
            "usageinstructions": null,
            "brand": "nando's",
            "manufacturer": null,
            "countryoforigin": null,
            "productheightmm": null,
            "productwidthmm": null,
            "productdepthmm": null,
            "wool_productpackaging": null,
            "recyclableinformation": null,
            "importantinformation": null,
            "allergencontains": null,
            "allergenmaybepresent": null,
            "allergystatement": "Wheat Free",
            "lifestyleanddietarystatement": "Vegetarian",
            "lifestyleclaim": "Vegetarian",
            "wool_dietaryclaim": null,
            "boxedcontents": null,
            "suitablefor": "Vegetarian",
            "fragrance": null,
            "colour": null,
            "antioxidant": "False",
            "addedvitaminsandminerals": "False",
            "bpafree": "False",
            "sulfatefree": "False",
            "parabenfree": "False",
            "claims": null,
            "alcoholfree": null,
            "anti-dandruff": null,
            "dermatologicallyapproved": null,
            "dermatologistrecommended": null,
            "dermatologisttested": null,
            "fragrance-free": null,
            "haircolour": null,
            "hairtype": null,
            "hypo-allergenic": null,
            "non-comedogenic": null,
            "oilfree": null,
            "ophthalmologistapproved": null,
            "ophthalmologisttested": null,
            "paba-free": null,
            "skincondition": null,
            "skintype": null,
            "soap-free": null,
            "spf": null,
            "sweatresistant": null,
            "timer": null,
            "waterresistant": null,
            "phbalanced": null,
            "antiseptic": "False",
            "antibacterial": "False",
            "activeconstituents": null,
            "contains": null,
            "microwavesafe": "False",
            "productimagecount": "1",
            "friendlydisclaimer": null,
            "productimages": "473749.jpg",
            "healthstarrating": "0",
            "tgawarnings": null,
            "vendorarticleid": null,
            "vendorcostprice": null,
            "tgawarning": null
          },
          "DetailsImagePaths": [
            "https://cdn0.woolworths.media/content/wowproductimages/large/473749.jpg"
          ],
          "Variety": "peri peri sauce",
          "Rating": {
            "ReviewCount": 0,
            "RatingCount": 0,
            "RatingSum": 0,
            "OneStarCount": 0,
            "TwoStarCount": 0,
            "ThreeStarCount": 0,
            "FourStarCount": 0,
            "FiveStarCount": 0,
            "Average": 0,
            "OneStarPercentage": 0,
            "TwoStarPercentage": 0,
            "ThreeStarPercentage": 0,
            "FourStarPercentage": 0,
            "FiveStarPercentage": 0
          },
          "HasProductSubs": false,
          "IsSponsoredAd": false,
          "AdID": null,
          "AdIndex": null,
          "ThirdPartyProductInfo": null,
          "MarketFeatures": null,
          "MarketSpecifications": null
        }
      ],
      "Name": "Nando's Medium Peri Peri Sauce"
    },
    {
      "Products": [
        {
          "TileID": 0,
          "Stockcode": 671152,
          "Barcode": "9300617062356",
          "GtinFormat": 13,
          "CupPrice": 3.38,
          "InstoreCupPrice": 3.38,
          "CupMeasure": "100G",
          "CupString": "$3.38 / 100G",
          "InstoreCupString": "$3.38 / 100G",
          "HasCupPrice": true,
          "InstoreHasCupPrice": true,
          "Price": 5.75,
          "InstorePrice": 5.75,
          "Name": "Cadbury Dairy Milk Sitting Adult Chocolate Easter Bunny",
          "UrlFriendlyName": "cadbury-dairy-milk-sitting-adult-chocolate-easter-bunny",
          "Description": " Cadbury Dairy Milk Sitting<br>Adult Chocolate... 170g",
          "SmallImageFile": "https://cdn0.woolworths.media/content/wowproductimages/small/671152.jpg",
          "MediumImageFile": "https://cdn0.woolworths.media/content/wowproductimages/medium/671152.jpg",
          "LargeImageFile": "https://cdn0.woolworths.media/content/wowproductimages/large/671152.jpg",
          "IsNew": false,
          "IsOnSpecial": false,
          "InstoreIsOnSpecial": false,
          "IsEdrSpecial": false,
          "SavingsAmount": 0,
          "InstoreSavingsAmount": 0,
          "WasPrice": 5.75,
          "InstoreWasPrice": 5.75,
          "QuantityInTrolley": 0,
          "Unit": "Each",
          "MinimumQuantity": 1,
          "HasBeenBoughtBefore": false,
          "IsInTrolley": false,
          "Source": "Aisle.Pantry",
          "SupplyLimit": 10,
          "IsRanged": false,
          "IsInStock": true,
          "PackageSize": "170g",
          "IsPmDelivery": false,
          "IsForCollection": true,
          "IsForDelivery": true,
          "IsForExpress": false,
          "ProductRestrictionMessage": null,
          "ProductWarningMessage": null,
          "CentreTag": {
            "TagContent": null,
            "TagLink": null,
            "FallbackText": null,
            "TagType": "None",
            "MultibuyData": null
          },
          "IsCentreTag": false,
          "ImageTag": {
            "TagContent": null,
            "TagLink": null,
            "FallbackText": "",
            "TagType": "None",
            "MultibuyData": null
          },
          "HeaderTag": null,
          "HasHeaderTag": false,
          "UnitWeightInGrams": 173,
          "SupplyLimitMessage": "'Cadbury Dairy Milk Sitting Adult Chocolate Easter Bunny' has a supply limit of 10. The quantity in your cart has been reduced accordingly. To purchase a larger quantity, please contact us on 1800 000 610. Please note we do not supply trade orders.",
          "SmallFormatDescription": "Cadbury Dairy Milk Sitting Adult Chocolate Easter Bunny",
          "FullDescription": "Cadbury Dairy Milk Sitting Adult Chocolate Easter Bunny",
          "IsAvailable": true,
          "InstoreIsAvailable": true,
          "IsPurchasable": true,
          "InstoreIsPurchasable": true,
          "AgeRestricted": false,
          "DisplayQuantity": 1,
          "RichDescription": "<p>Cadbury Dairy Milk Easter Bunny is a deliciously smooth & creamy milk chocolate.</p>",
          "IsDeliveryPass": false,
          "HideWasSavedPrice": false,
          "SapCategories": null,
          "Brand": "cadbury",
          "IsRestrictedByDeliveryMethod": false,
          "FooterTag": {
            "TagContent": null,
            "TagLink": null,
            "FallbackText": null,
            "TagType": "None",
            "MultibuyData": null
          },
          "IsFooterEnabled": false,
          "Diagnostics": "1335",
          "IsBundle": false,
          "IsInFamily": false,
          "ChildProducts": [],
          "UrlOverride": null,
          "AdditionalAttributes": {
            "sapdepartmentname": "GROCERIES",
            "sapdepartmentno": "5",
            "sapcategoryname": "SEASONAL FOODS",
            "sapcategoryno": "40",
            "sapsubcategoryname": "EASTER CONFECTIONERY",
            "sapsubcategoryno": "674",
            "sapsegmentname": "EASTER RABBITS",
            "sapsegmentno": "10",
            "specialsgroupid": null,
            "PiesProductDepartmentNodeId": "1_39FD49C",
            "PiesProductDepartmentsjson": "[{\"Id\":\"1_39FD49C\",\"Description\":\"Pantry\"},{\"Id\":\"1_C4BB750\",\"Description\":\"Easter\"}]",
            "piesdepartmentnamesjson": "[\"Pantry\",\"Easter\"]",
            "piescategorynamesjson": "[\"Snacks & Confectionery\",\"Chocolate\"]",
            "piessubcategorynamesjson": "[\"Chocolate Boxes & Gifts\",\"Easter Bunnies\"]",
            "servingsize-total-nip": null,
            "servingsperpack-total-nip": null,
            "microwaveable": "False",
            "ovencook": "False",
            "vegetarian": "False",
            "freezable": "False",
            "containsnuts": "False",
            "containsgluten": "False",
            "description": "<p>Cadbury Dairy Milk Easter Bunny is a deliciously smooth & creamy milk chocolate.</p>",
            "ingredients": null,
            "nutritionalinformation": "{\"Name\":\"Nutritional Information\",\"Attributes\":[{\"Id\":705,\"Name\":\"Carbohydrate Quantity Per 100g - Total - NIP\",\"Value\":\"56.1\",\"Description\":\"Carbohydrate Quantity Per 100g - Total - NIP\",\"SortOrder\":83},{\"Id\":706,\"Name\":\"Carbohydrate Quantity Per Serve - Total - NIP\",\"Value\":\"14\",\"Description\":\"Carbohydrate Quantity Per Serve - Total - NIP\",\"SortOrder\":87},{\"Id\":759,\"Name\":\"Energy kJ Quantity Per 100g - Total - NIP\",\"Value\":\"2270\",\"Description\":\"Energy kJ Quantity Per 100g - Total - NIP\",\"SortOrder\":239},{\"Id\":760,\"Name\":\"Energy kJ Quantity Per Serve - Total - NIP\",\"Value\":\"568\",\"Description\":\"Energy kJ Quantity Per Serve - Total - NIP\",\"SortOrder\":243},{\"Id\":253,\"Name\":\"Fat Saturated Quantity Per 100g - Total - NIP\",\"Value\":\"19.7\",\"Description\":\"Fat Saturated Quantity Per 100g - Total - NIP\",\"SortOrder\":251},{\"Id\":258,\"Name\":\"Fat Saturated Quantity Per Serve - Total - NIP\",\"Value\":\"4.9\",\"Description\":\"Fat Saturated Quantity Per Serve - Total - NIP\",\"SortOrder\":255},{\"Id\":764,\"Name\":\"Fat Total Quantity Per 100g - Total - NIP\",\"Value\":\"31.5\",\"Description\":\"Fat Total Quantity Per 100g - Total - NIP\",\"SortOrder\":263},{\"Id\":264,\"Name\":\"Fat Total Quantity Per Serve - Total - NIP\",\"Value\":\"7.9\",\"Description\":\"Fat Total Quantity Per Serve - Total - NIP\",\"SortOrder\":267},{\"Id\":878,\"Name\":\"Protein Quantity Per 100g - Total - NIP\",\"Value\":\"7.7\",\"Description\":\"Protein Quantity Per 100g - Total - NIP\",\"SortOrder\":587},{\"Id\":882,\"Name\":\"Protein Quantity Per Serve - Total - NIP\",\"Value\":\"1.9\",\"Description\":\"Protein Quantity Per Serve - Total - NIP\",\"SortOrder\":591},{\"Id\":477,\"Name\":\"Serving Size - Total - NIP\",\"Value\":\"25g\",\"Description\":\"Serving Size - Total - NIP\",\"SortOrder\":607},{\"Id\":544,\"Name\":\"Servings Per Pack - Total - NIP\",\"Value\":\"6.8\",\"Description\":\"Servings Per Pack - Total - NIP\",\"SortOrder\":611},{\"Id\":491,\"Name\":\"Sodium Quantity Per 100g - Total - NIP\",\"Value\":\"81mg\",\"Description\":\"Sodium Quantity Per 100g - Total - NIP\",\"SortOrder\":623},{\"Id\":495,\"Name\":\"Sodium Quantity Per Serve - Total - NIP\",\"Value\":\"20mg\",\"Description\":\"Sodium Quantity Per Serve - Total - NIP\",\"SortOrder\":627},{\"Id\":909,\"Name\":\"Sugars Quantity Per 100g - Total - NIP\",\"Value\":\"54.8\",\"Description\":\"Sugars Quantity Per 100g - Total - NIP\",\"SortOrder\":647},{\"Id\":910,\"Name\":\"Sugars Quantity Per 100g - ValueWord - NIP\",\"Value\":\"54.8\",\"Description\":\"Sugars Quantity Per 100g - ValueWord - NIP\",\"SortOrder\":648},{\"Id\":912,\"Name\":\"Sugars Quantity Per Serve - Total - NIP\",\"Value\":\"13.7\",\"Description\":\"Sugars Quantity Per Serve - Total - NIP\",\"SortOrder\":651},{\"Id\":572,\"Name\":\"Sugars Quantity Per Serve - ValueWord - NIP\",\"Value\":\"13.7\",\"Description\":\"Sugars Quantity Per Serve - ValueWord - NIP\",\"SortOrder\":652}]}",
            "storageinstructions": "Please store in cool, dry conditions.",
            "usageinstructions": null,
            "brand": "cadbury",
            "manufacturer": null,
            "countryoforigin": null,
            "productheightmm": null,
            "productwidthmm": null,
            "productdepthmm": null,
            "wool_productpackaging": null,
            "recyclableinformation": null,
            "importantinformation": null,
            "allergencontains": "Milk, Soy",
            "allergenmaybepresent": "Peanuts, Tree Nuts",
            "allergystatement": null,
            "lifestyleanddietarystatement": "Low Salt",
            "lifestyleclaim": null,
            "wool_dietaryclaim": null,
            "boxedcontents": null,
            "suitablefor": null,
            "fragrance": null,
            "colour": null,
            "antioxidant": "False",
            "addedvitaminsandminerals": "False",
            "bpafree": "False",
            "sulfatefree": "False",
            "parabenfree": "False",
            "claims": null,
            "alcoholfree": null,
            "anti-dandruff": null,
            "dermatologicallyapproved": null,
            "dermatologistrecommended": null,
            "dermatologisttested": null,
            "fragrance-free": null,
            "haircolour": null,
            "hairtype": null,
            "hypo-allergenic": null,
            "non-comedogenic": null,
            "oilfree": null,
            "ophthalmologistapproved": null,
            "ophthalmologisttested": null,
            "paba-free": null,
            "skincondition": null,
            "skintype": null,
            "soap-free": null,
            "spf": null,
            "sweatresistant": null,
            "timer": null,
            "waterresistant": null,
            "phbalanced": null,
            "antiseptic": "False",
            "antibacterial": "False",
            "activeconstituents": null,
            "contains": null,
            "microwavesafe": "False",
            "productimagecount": "1",
            "friendlydisclaimer": null,
            "productimages": "671152.jpg",
            "healthstarrating": "0",
            "tgawarnings": null,
            "vendorarticleid": null,
            "vendorcostprice": null,
            "tgawarning": null
          },
          "DetailsImagePaths": [
            "https://cdn0.woolworths.media/content/wowproductimages/large/671152.jpg"
          ],
          "Variety": "chocolate easter bunny",
          "Rating": {
            "ReviewCount": 0,
            "RatingCount": 0,
            "RatingSum": 0,
            "OneStarCount": 0,
            "TwoStarCount": 0,
            "ThreeStarCount": 0,
            "FourStarCount": 0,
            "FiveStarCount": 0,
            "Average": 0,
            "OneStarPercentage": 0,
            "TwoStarPercentage": 0,
            "ThreeStarPercentage": 0,
            "FourStarPercentage": 0,
            "FiveStarPercentage": 0
          },
          "HasProductSubs": false,
          "IsSponsoredAd": false,
          "AdID": null,
          "AdIndex": null,
          "ThirdPartyProductInfo": null,
          "MarketFeatures": null,
          "MarketSpecifications": null
        }
      ],
      "Name": "Cadbury Dairy Milk Sitting Adult Chocolate Easter Bunny"
    },
    {
      "Products": [
        {
          "TileID": 0,
          "Stockcode": 717857,
          "Barcode": "6003770000663",
          "GtinFormat": 13,
          "CupPrice": 2.3,
          "InstoreCupPrice": 2.3,
          "CupMeasure": "100G",
          "CupString": "$2.30 / 100G",
          "InstoreCupString": "$2.30 / 100G",
          "HasCupPrice": true,
          "InstoreHasCupPrice": true,
          "Price": 5.75,
          "InstorePrice": 5.75,
          "Name": "Nando's Hot Peri Peri Sauce",
          "UrlFriendlyName": "nando-s-hot-peri-peri-sauce",
          "Description": " Nando's Hot Peri Peri Sauce 250ml",
          "SmallImageFile": "https://cdn0.woolworths.media/content/wowproductimages/small/717857.jpg",
          "MediumImageFile": "https://cdn0.woolworths.media/content/wowproductimages/medium/717857.jpg",
          "LargeImageFile": "https://cdn0.woolworths.media/content/wowproductimages/large/717857.jpg",
          "IsNew": false,
          "IsOnSpecial": false,
          "InstoreIsOnSpecial": false,
          "IsEdrSpecial": false,
          "SavingsAmount": 0,
          "InstoreSavingsAmount": 0,
          "WasPrice": 5.75,
          "InstoreWasPrice": 5.75,
          "QuantityInTrolley": 0,
          "Unit": "Each",
          "MinimumQuantity": 1,
          "HasBeenBoughtBefore": false,
          "IsInTrolley": false,
          "Source": "Aisle.Pantry",
          "SupplyLimit": 36,
          "IsRanged": false,
          "IsInStock": true,
          "PackageSize": "250ml",
          "IsPmDelivery": false,
          "IsForCollection": true,
          "IsForDelivery": true,
          "IsForExpress": false,
          "ProductRestrictionMessage": null,
          "ProductWarningMessage": null,
          "CentreTag": {
            "TagContent": null,
            "TagLink": null,
            "FallbackText": null,
            "TagType": "None",
            "MultibuyData": null
          },
          "IsCentreTag": false,
          "ImageTag": {
            "TagContent": null,
            "TagLink": null,
            "FallbackText": "",
            "TagType": "None",
            "MultibuyData": null
          },
          "HeaderTag": null,
          "HasHeaderTag": false,
          "UnitWeightInGrams": 250,
          "SupplyLimitMessage": "'Nando's Hot Peri Peri Sauce' has a supply limit of 36. The quantity in your cart has been reduced accordingly. To purchase a larger quantity, please contact us on 1800 000 610. Please note we do not supply trade orders.",
          "SmallFormatDescription": "Nando's Hot Peri Peri Sauce",
          "FullDescription": "Nando's Hot Peri Peri Sauce",
          "IsAvailable": true,
          "InstoreIsAvailable": true,
          "IsPurchasable": true,
          "InstoreIsPurchasable": true,
          "AgeRestricted": false,
          "DisplayQuantity": 1,
          "RichDescription": "PERi-PERi sauce is made with African Bird's Eye chilli and a blend of ingredients - sun-ripened lemons, onion, garlic and spices. This one is particularly hot and fiery, packing a whole lot of flavour!\n\nPERi-PERi is the heart and soul of Nando's and the secret ingredient behind Nando's restaurants worldwide.\n\nNo Artificial Preservatives\n\nNo Artificial Colours\n\nNo Artificial Flavours\n\nNo Added MSG",
          "IsDeliveryPass": false,
          "HideWasSavedPrice": false,
          "SapCategories": null,
          "Brand": "nando's",
          "IsRestrictedByDeliveryMethod": false,
          "FooterTag": {
            "TagContent": null,
            "TagLink": null,
            "FallbackText": null,
            "TagType": "None",
            "MultibuyData": null
          },
          "IsFooterEnabled": false,
          "Diagnostics": "1336",
          "IsBundle": false,
          "IsInFamily": false,
          "ChildProducts": [],
          "UrlOverride": null,
          "AdditionalAttributes": {
            "sapdepartmentname": "GROCERIES",
            "sapdepartmentno": "5",
            "sapcategoryname": "CONDIMENTS",
            "sapcategoryno": "81",
            "sapsubcategoryname": "SAUCES",
            "sapsubcategoryno": "159",
            "sapsegmentname": "CHILLI SAUCE",
            "sapsegmentno": "7",
            "specialsgroupid": null,
            "PiesProductDepartmentNodeId": "1_39FD49C",
            "PiesProductDepartmentsjson": "[{\"Id\":\"1_39FD49C\",\"Description\":\"Pantry\"}]",
            "piesdepartmentnamesjson": "[\"Pantry\"]",
            "piescategorynamesjson": "[\"Sauce, Oil & Vinegar\",\"Condiments\"]",
            "piessubcategorynamesjson": "[\"Soy & Asian Sauces\",\"Sweet Chilli & Hot Sauce\",\"Sweet Chilli & Hot Sauce\"]",
            "servingsize-total-nip": null,
            "servingsperpack-total-nip": null,
            "microwaveable": "False",
            "ovencook": "False",
            "vegetarian": "False",
            "freezable": "False",
            "containsnuts": "False",
            "containsgluten": "False",
            "description": "PERi-PERi sauce is made with African Bird's Eye chilli and a blend of ingredients - sun-ripened lemons, onion, garlic and spices. This one is particularly hot and fiery, packing a whole lot of flavour!\n\nPERi-PERi is the heart and soul of Nando's and the secret ingredient behind Nando's restaurants worldwide.\n\nNo Artificial Preservatives\n\nNo Artificial Colours\n\nNo Artificial Flavours\n\nNo Added MSG",
            "ingredients": "Water, White Vinegar, Lemon (6%), Onion (6%), Salt, Spices (including African Bird's Eye Chilli), Serrano Chilli, Vegetable Oil (Sunflower Seeds), Garlic, Stabilisers (Xanthan Gum, Propylene Glycol Alginate), Antioxidant (Calcium Disodium EDTA). ",
            "nutritionalinformation": "{\"Name\":\"Nutritional Information\",\"Attributes\":[{\"Id\":705,\"Name\":\"Carbohydrate Quantity Per 100g - Total - NIP\",\"Value\":\"9.6g\",\"Description\":\"Carbohydrate Quantity Per 100g - Total - NIP\",\"SortOrder\":83},{\"Id\":706,\"Name\":\"Carbohydrate Quantity Per Serve - Total - NIP\",\"Value\":\"1.9g\",\"Description\":\"Carbohydrate Quantity Per Serve - Total - NIP\",\"SortOrder\":87},{\"Id\":759,\"Name\":\"Energy kJ Quantity Per 100g - Total - NIP\",\"Value\":\"314kJ\",\"Description\":\"Energy kJ Quantity Per 100g - Total - NIP\",\"SortOrder\":239},{\"Id\":760,\"Name\":\"Energy kJ Quantity Per Serve - Total - NIP\",\"Value\":\"63kJ\",\"Description\":\"Energy kJ Quantity Per Serve - Total - NIP\",\"SortOrder\":243},{\"Id\":253,\"Name\":\"Fat Saturated Quantity Per 100g - Total - NIP\",\"Value\":\"0.4g\",\"Description\":\"Fat Saturated Quantity Per 100g - Total - NIP\",\"SortOrder\":251},{\"Id\":258,\"Name\":\"Fat Saturated Quantity Per Serve - Total - NIP\",\"Value\":\"0.1g\",\"Description\":\"Fat Saturated Quantity Per Serve - Total - NIP\",\"SortOrder\":255},{\"Id\":764,\"Name\":\"Fat Total Quantity Per 100g - Total - NIP\",\"Value\":\"3.8g\",\"Description\":\"Fat Total Quantity Per 100g - Total - NIP\",\"SortOrder\":263},{\"Id\":264,\"Name\":\"Fat Total Quantity Per Serve - Total - NIP\",\"Value\":\"0.8g\",\"Description\":\"Fat Total Quantity Per Serve - Total - NIP\",\"SortOrder\":267},{\"Id\":878,\"Name\":\"Protein Quantity Per 100g - Total - NIP\",\"Value\":\"0.6g\",\"Description\":\"Protein Quantity Per 100g - Total - NIP\",\"SortOrder\":587},{\"Id\":882,\"Name\":\"Protein Quantity Per Serve - Total - NIP\",\"Value\":\"0.1g\",\"Description\":\"Protein Quantity Per Serve - Total - NIP\",\"SortOrder\":591},{\"Id\":477,\"Name\":\"Serving Size - Total - NIP\",\"Value\":\"20g\",\"Description\":\"Serving Size - Total - NIP\",\"SortOrder\":607},{\"Id\":544,\"Name\":\"Servings Per Pack - Total - NIP\",\"Value\":\"12\",\"Description\":\"Servings Per Pack - Total - NIP\",\"SortOrder\":611},{\"Id\":491,\"Name\":\"Sodium Quantity Per 100g - Total - NIP\",\"Value\":\"2.8g/2788mg\",\"Description\":\"Sodium Quantity Per 100g - Total - NIP\",\"SortOrder\":623},{\"Id\":495,\"Name\":\"Sodium Quantity Per Serve - Total - NIP\",\"Value\":\"0.6g/558mg\",\"Description\":\"Sodium Quantity Per Serve - Total - NIP\",\"SortOrder\":627},{\"Id\":907,\"Name\":\"Sugars Quantity Per 100g - Prefix - NIP\",\"Value\":\"\",\"Description\":\"Sugars Quantity Per 100g - Prefix - NIP\",\"SortOrder\":645},{\"Id\":908,\"Name\":\"Sugars Quantity Per 100g - SuffixUnits - NIP\",\"Value\":\"g\",\"Description\":\"Sugars Quantity Per 100g - SuffixUnits - NIP\",\"SortOrder\":646},{\"Id\":909,\"Name\":\"Sugars Quantity Per 100g - Total - NIP\",\"Value\":\"6.3g\",\"Description\":\"Sugars Quantity Per 100g - Total - NIP\",\"SortOrder\":647},{\"Id\":910,\"Name\":\"Sugars Quantity Per 100g - ValueWord - NIP\",\"Value\":\"6.3\",\"Description\":\"Sugars Quantity Per 100g - ValueWord - NIP\",\"SortOrder\":648},{\"Id\":504,\"Name\":\"Sugars Quantity Per Serve - Prefix - NIP\",\"Value\":\"\",\"Description\":\"Sugars Quantity Per Serve - Prefix - NIP\",\"SortOrder\":649},{\"Id\":911,\"Name\":\"Sugars Quantity Per Serve - SuffixUnits - NIP\",\"Value\":\"g\",\"Description\":\"Sugars Quantity Per Serve - SuffixUnits - NIP\",\"SortOrder\":650},{\"Id\":912,\"Name\":\"Sugars Quantity Per Serve - Total - NIP\",\"Value\":\"1.3g\",\"Description\":\"Sugars Quantity Per Serve - Total - NIP\",\"SortOrder\":651},{\"Id\":572,\"Name\":\"Sugars Quantity Per Serve - ValueWord - NIP\",\"Value\":\"1.3\",\"Description\":\"Sugars Quantity Per Serve - ValueWord - NIP\",\"SortOrder\":652}]}",
            "storageinstructions": "Once open, use within 3 months. Although most people finish it much quicker than that.",
            "usageinstructions": null,
            "brand": "nando's",
            "manufacturer": null,
            "countryoforigin": null,
            "productheightmm": null,
            "productwidthmm": null,
            "productdepthmm": null,
            "wool_productpackaging": null,
            "recyclableinformation": null,
            "importantinformation": null,
            "allergencontains": null,
            "allergenmaybepresent": null,
            "allergystatement": "No Artificial Colours or Flavours",
            "lifestyleanddietarystatement": "Vegan",
            "lifestyleclaim": "Halal, Vegetarian",
            "wool_dietaryclaim": "No Added MSG, No Artificial Colours, No Artificial Flavours, No Preservatives",
            "boxedcontents": null,
            "suitablefor": "Vegetarian",
            "fragrance": null,
            "colour": null,
            "antioxidant": "False",
            "addedvitaminsandminerals": "False",
            "bpafree": "False",
            "sulfatefree": "False",
            "parabenfree": "False",
            "claims": null,
            "alcoholfree": null,
            "anti-dandruff": null,
            "dermatologicallyapproved": null,
            "dermatologistrecommended": null,
            "dermatologisttested": null,
            "fragrance-free": null,
            "haircolour": null,
            "hairtype": null,
            "hypo-allergenic": null,
            "non-comedogenic": null,
            "oilfree": null,
            "ophthalmologistapproved": null,
            "ophthalmologisttested": null,
            "paba-free": null,
            "skincondition": null,
            "skintype": null,
            "soap-free": null,
            "spf": null,
            "sweatresistant": null,
            "timer": null,
            "waterresistant": null,
            "phbalanced": null,
            "antiseptic": "False",
            "antibacterial": "False",
            "activeconstituents": null,
            "contains": null,
            "microwavesafe": "False",
            "productimagecount": "1",
            "friendlydisclaimer": null,
            "productimages": "717857.jpg",
            "healthstarrating": "0",
            "tgawarnings": null,
            "vendorarticleid": null,
            "vendorcostprice": null,
            "tgawarning": null
          },
          "DetailsImagePaths": [
            "https://cdn0.woolworths.media/content/wowproductimages/large/717857.jpg"
          ],
          "Variety": "peri peri sauce",
          "Rating": {
            "ReviewCount": 0,
            "RatingCount": 0,
            "RatingSum": 0,
            "OneStarCount": 0,
            "TwoStarCount": 0,
            "ThreeStarCount": 0,
            "FourStarCount": 0,
            "FiveStarCount": 0,
            "Average": 0,
            "OneStarPercentage": 0,
            "TwoStarPercentage": 0,
            "ThreeStarPercentage": 0,
            "FourStarPercentage": 0,
            "FiveStarPercentage": 0
          },
          "HasProductSubs": false,
          "IsSponsoredAd": false,
          "AdID": null,
          "AdIndex": null,
          "ThirdPartyProductInfo": null,
          "MarketFeatures": null,
          "MarketSpecifications": null
        }
      ],
      "Name": "Nando's Hot Peri Peri Sauce"
    },
    {
      "Products": [
        {
          "TileID": 0,
          "Stockcode": 727561,
          "Barcode": "9321885003018",
          "GtinFormat": 13,
          "CupPrice": 5.75,
          "InstoreCupPrice": 5.75,
          "CupMeasure": "1KG",
          "CupString": "$5.75 / 1KG",
          "InstoreCupString": "$5.75 / 1KG",
          "HasCupPrice": true,
          "InstoreHasCupPrice": true,
          "Price": 5.75,
          "InstorePrice": 5.75,
          "Name": "Laucke Country Women's Scone Mix",
          "UrlFriendlyName": "laucke-country-women-s-scone-mix",
          "Description": " Laucke Country Women's Scone<br>Mix  1kg",
          "SmallImageFile": "https://cdn0.woolworths.media/content/wowproductimages/small/727561.jpg",
          "MediumImageFile": "https://cdn0.woolworths.media/content/wowproductimages/medium/727561.jpg",
          "LargeImageFile": "https://cdn0.woolworths.media/content/wowproductimages/large/727561.jpg",
          "IsNew": false,
          "IsOnSpecial": false,
          "InstoreIsOnSpecial": false,
          "IsEdrSpecial": false,
          "SavingsAmount": 0,
          "InstoreSavingsAmount": 0,
          "WasPrice": 5.75,
          "InstoreWasPrice": 5.75,
          "QuantityInTrolley": 0,
          "Unit": "Each",
          "MinimumQuantity": 1,
          "HasBeenBoughtBefore": false,
          "IsInTrolley": false,
          "Source": "Aisle.Pantry",
          "SupplyLimit": 36,
          "IsRanged": false,
          "IsInStock": true,
          "PackageSize": "1kg",
          "IsPmDelivery": false,
          "IsForCollection": true,
          "IsForDelivery": true,
          "IsForExpress": false,
          "ProductRestrictionMessage": null,
          "ProductWarningMessage": null,
          "CentreTag": {
            "TagContent": null,
            "TagLink": null,
            "FallbackText": null,
            "TagType": "None",
            "MultibuyData": null
          },
          "IsCentreTag": false,
          "ImageTag": {
            "TagContent": null,
            "TagLink": null,
            "FallbackText": "",
            "TagType": "None",
            "MultibuyData": null
          },
          "HeaderTag": null,
          "HasHeaderTag": false,
          "UnitWeightInGrams": 1000,
          "SupplyLimitMessage": "'Laucke Country Women's Scone Mix' has a supply limit of 36. The quantity in your cart has been reduced accordingly. To purchase a larger quantity, please contact us on 1800 000 610. Please note we do not supply trade orders.",
          "SmallFormatDescription": "Laucke Country Women's Scone Mix ",
          "FullDescription": "Laucke Country Women's Scone Mix ",
          "IsAvailable": true,
          "InstoreIsAvailable": true,
          "IsPurchasable": true,
          "InstoreIsPurchasable": true,
          "AgeRestricted": false,
          "DisplayQuantity": 1,
          "RichDescription": "<p>The generosity of County Women is synonymous with our enjoyment of their fabulous scones. Use their preferred Scone Mix and recipes and share their baking success! You are helping the South Australian CWA to invest in the community work of country women across Australia as they seek to improve the conditions for women and children and make life better for families, especially those living in rural and remote Australia.</p><p>A Family Tradition, Friedrich Laucke established his first flour mill in the Barossa Valley in 1899. Since then, four generations of the Laucke family have continued to produce quality flour and mixes, and remain proudly 100% Australian owned and operated. The current generations of the Laucke family continue Friedrich's original promise of quality, service and integrity.</p>",
          "IsDeliveryPass": false,
          "HideWasSavedPrice": false,
          "SapCategories": null,
          "Brand": "laucke",
          "IsRestrictedByDeliveryMethod": false,
          "FooterTag": {
            "TagContent": null,
            "TagLink": null,
            "FallbackText": null,
            "TagType": "None",
            "MultibuyData": null
          },
          "IsFooterEnabled": false,
          "Diagnostics": "1337",
          "IsBundle": false,
          "IsInFamily": false,
          "ChildProducts": [],
          "UrlOverride": null,
          "AdditionalAttributes": {
            "sapdepartmentname": "GROCERIES",
            "sapdepartmentno": "5",
            "sapcategoryname": "COOKING NEEDS",
            "sapcategoryno": "74",
            "sapsubcategoryname": "BREAD MIX",
            "sapsubcategoryno": "181",
            "sapsegmentname": "SCRATCH COOKING",
            "sapsegmentno": "7",
            "specialsgroupid": null,
            "PiesProductDepartmentNodeId": "1_39FD49C",
            "PiesProductDepartmentsjson": "[{\"Id\":\"1_39FD49C\",\"Description\":\"Pantry\"},{\"Id\":\"1_C4BB750\",\"Description\":\"Easter\"}]",
            "piesdepartmentnamesjson": "[\"Pantry\",\"Easter\"]",
            "piescategorynamesjson": "[\"Baking\",\"Baking\"]",
            "piessubcategorynamesjson": "[\"Cake & Dessert Mix\",\"Flour & Pastry\"]",
            "servingsize-total-nip": null,
            "servingsperpack-total-nip": null,
            "microwaveable": "False",
            "ovencook": "False",
            "vegetarian": "False",
            "freezable": "False",
            "containsnuts": "False",
            "containsgluten": "False",
            "description": "<p>The generosity of County Women is synonymous with our enjoyment of their fabulous scones. Use their preferred Scone Mix and recipes and share their baking success! You are helping the South Australian CWA to invest in the community work of country women across Australia as they seek to improve the conditions for women and children and make life better for families, especially those living in rural and remote Australia.</p><p>A Family Tradition, Friedrich Laucke established his first flour mill in the Barossa Valley in 1899. Since then, four generations of the Laucke family have continued to produce quality flour and mixes, and remain proudly 100% Australian owned and operated. The current generations of the Laucke family continue Friedrich's original promise of quality, service and integrity.</p>",
            "ingredients": "Unbleached Wheaten Flour, Vegetable Oil, Sugar, Full Cream Milk Powder, Raising Agent (E500, E339, E341, E450), Natural Butter Flavour (Milk), Emulsifier (E471), Flour Treatment Agent (E481), Gum (E466), Antioxidant (E322, E306 Soy).",
            "nutritionalinformation": "{\"Name\":\"Nutritional Information\",\"Attributes\":[{\"Id\":705,\"Name\":\"Carbohydrate Quantity Per 100g - Total - NIP\",\"Value\":\"52.5g\",\"Description\":\"Carbohydrate Quantity Per 100g - Total - NIP\",\"SortOrder\":83},{\"Id\":706,\"Name\":\"Carbohydrate Quantity Per Serve - Total - NIP\",\"Value\":\"34.1g\",\"Description\":\"Carbohydrate Quantity Per Serve - Total - NIP\",\"SortOrder\":87},{\"Id\":759,\"Name\":\"Energy kJ Quantity Per 100g - Total - NIP\",\"Value\":\"1280kJ\",\"Description\":\"Energy kJ Quantity Per 100g - Total - NIP\",\"SortOrder\":239},{\"Id\":760,\"Name\":\"Energy kJ Quantity Per Serve - Total - NIP\",\"Value\":\"832kJ\",\"Description\":\"Energy kJ Quantity Per Serve - Total - NIP\",\"SortOrder\":243},{\"Id\":253,\"Name\":\"Fat Saturated Quantity Per 100g - Total - NIP\",\"Value\":\"3.1g\",\"Description\":\"Fat Saturated Quantity Per 100g - Total - NIP\",\"SortOrder\":251},{\"Id\":258,\"Name\":\"Fat Saturated Quantity Per Serve - Total - NIP\",\"Value\":\"2.0g\",\"Description\":\"Fat Saturated Quantity Per Serve - Total - NIP\",\"SortOrder\":255},{\"Id\":764,\"Name\":\"Fat Total Quantity Per 100g - Total - NIP\",\"Value\":\"5.9g\",\"Description\":\"Fat Total Quantity Per 100g - Total - NIP\",\"SortOrder\":263},{\"Id\":264,\"Name\":\"Fat Total Quantity Per Serve - Total - NIP\",\"Value\":\"3.8g\",\"Description\":\"Fat Total Quantity Per Serve - Total - NIP\",\"SortOrder\":267},{\"Id\":878,\"Name\":\"Protein Quantity Per 100g - Total - NIP\",\"Value\":\"7.6g\",\"Description\":\"Protein Quantity Per 100g - Total - NIP\",\"SortOrder\":587},{\"Id\":882,\"Name\":\"Protein Quantity Per Serve - Total - NIP\",\"Value\":\"4.9g\",\"Description\":\"Protein Quantity Per Serve - Total - NIP\",\"SortOrder\":591},{\"Id\":477,\"Name\":\"Serving Size - Total - NIP\",\"Value\":\"1scone (65g)\",\"Description\":\"Serving Size - Total - NIP\",\"SortOrder\":607},{\"Id\":544,\"Name\":\"Servings Per Pack - Total - NIP\",\"Value\":\"Each500g pack makes 10 large scones.\",\"Description\":\"Servings Per Pack - Total - NIP\",\"SortOrder\":611},{\"Id\":491,\"Name\":\"Sodium Quantity Per 100g - Total - NIP\",\"Value\":\"680mg\",\"Description\":\"Sodium Quantity Per 100g - Total - NIP\",\"SortOrder\":623},{\"Id\":495,\"Name\":\"Sodium Quantity Per Serve - Total - NIP\",\"Value\":\"442mg\",\"Description\":\"Sodium Quantity Per Serve - Total - NIP\",\"SortOrder\":627},{\"Id\":907,\"Name\":\"Sugars Quantity Per 100g - Prefix - NIP\",\"Value\":\"\",\"Description\":\"Sugars Quantity Per 100g - Prefix - NIP\",\"SortOrder\":645},{\"Id\":908,\"Name\":\"Sugars Quantity Per 100g - SuffixUnits - NIP\",\"Value\":\"g\",\"Description\":\"Sugars Quantity Per 100g - SuffixUnits - NIP\",\"SortOrder\":646},{\"Id\":909,\"Name\":\"Sugars Quantity Per 100g - Total - NIP\",\"Value\":\"7.8g\",\"Description\":\"Sugars Quantity Per 100g - Total - NIP\",\"SortOrder\":647},{\"Id\":910,\"Name\":\"Sugars Quantity Per 100g - ValueWord - NIP\",\"Value\":\"7.8\",\"Description\":\"Sugars Quantity Per 100g - ValueWord - NIP\",\"SortOrder\":648},{\"Id\":504,\"Name\":\"Sugars Quantity Per Serve - Prefix - NIP\",\"Value\":\"\",\"Description\":\"Sugars Quantity Per Serve - Prefix - NIP\",\"SortOrder\":649},{\"Id\":911,\"Name\":\"Sugars Quantity Per Serve - SuffixUnits - NIP\",\"Value\":\"g\",\"Description\":\"Sugars Quantity Per Serve - SuffixUnits - NIP\",\"SortOrder\":650},{\"Id\":912,\"Name\":\"Sugars Quantity Per Serve - Total - NIP\",\"Value\":\"5.1g\",\"Description\":\"Sugars Quantity Per Serve - Total - NIP\",\"SortOrder\":651},{\"Id\":572,\"Name\":\"Sugars Quantity Per Serve - ValueWord - NIP\",\"Value\":\"5.1\",\"Description\":\"Sugars Quantity Per Serve - ValueWord - NIP\",\"SortOrder\":652}]}",
            "storageinstructions": "Store in cool dry place.",
            "usageinstructions": null,
            "brand": "laucke",
            "manufacturer": null,
            "countryoforigin": null,
            "productheightmm": null,
            "productwidthmm": null,
            "productdepthmm": null,
            "wool_productpackaging": null,
            "recyclableinformation": null,
            "importantinformation": null,
            "allergencontains": "Gluten, Milk, Soy",
            "allergenmaybepresent": null,
            "allergystatement": "Fish Free",
            "lifestyleanddietarystatement": "Source of Fibre",
            "lifestyleclaim": null,
            "wool_dietaryclaim": null,
            "boxedcontents": null,
            "suitablefor": null,
            "fragrance": null,
            "colour": null,
            "antioxidant": "False",
            "addedvitaminsandminerals": "False",
            "bpafree": "False",
            "sulfatefree": "False",
            "parabenfree": "False",
            "claims": null,
            "alcoholfree": null,
            "anti-dandruff": null,
            "dermatologicallyapproved": null,
            "dermatologistrecommended": null,
            "dermatologisttested": null,
            "fragrance-free": null,
            "haircolour": null,
            "hairtype": null,
            "hypo-allergenic": null,
            "non-comedogenic": null,
            "oilfree": null,
            "ophthalmologistapproved": null,
            "ophthalmologisttested": null,
            "paba-free": null,
            "skincondition": null,
            "skintype": null,
            "soap-free": null,
            "spf": null,
            "sweatresistant": null,
            "timer": null,
            "waterresistant": null,
            "phbalanced": null,
            "antiseptic": "False",
            "antibacterial": "False",
            "activeconstituents": null,
            "contains": null,
            "microwavesafe": "False",
            "productimagecount": "7",
            "friendlydisclaimer": null,
            "productimages": "727561_1.jpg,727561_2.jpg,727561_3.jpg,727561_4.jpg,727561_5.jpg,727561_6.jpg,727561.jpg",
            "healthstarrating": "0",
            "tgawarnings": null,
            "vendorarticleid": null,
            "vendorcostprice": null,
            "tgawarning": null
          },
          "DetailsImagePaths": [
            "https://cdn0.woolworths.media/content/wowproductimages/large/727561.jpg",
            "https://cdn0.woolworths.media/content/wowproductimages/large/727561_1.jpg",
            "https://cdn0.woolworths.media/content/wowproductimages/large/727561_2.jpg",
            "https://cdn0.woolworths.media/content/wowproductimages/large/727561_3.jpg",
            "https://cdn0.woolworths.media/content/wowproductimages/large/727561_4.jpg",
            "https://cdn0.woolworths.media/content/wowproductimages/large/727561_5.jpg",
            "https://cdn0.woolworths.media/content/wowproductimages/large/727561_6.jpg"
          ],
          "Variety": null,
          "Rating": {
            "ReviewCount": 0,
            "RatingCount": 0,
            "RatingSum": 0,
            "OneStarCount": 0,
            "TwoStarCount": 0,
            "ThreeStarCount": 0,
            "FourStarCount": 0,
            "FiveStarCount": 0,
            "Average": 0,
            "OneStarPercentage": 0,
            "TwoStarPercentage": 0,
            "ThreeStarPercentage": 0,
            "FourStarPercentage": 0,
            "FiveStarPercentage": 0
          },
          "HasProductSubs": false,
          "IsSponsoredAd": false,
          "AdID": null,
          "AdIndex": null,
          "ThirdPartyProductInfo": null,
          "MarketFeatures": null,
          "MarketSpecifications": null
        }
      ],
      "Name": "Laucke Country Women's Scone Mix"
    },
    {
      "Products": [
        {
          "TileID": 0,
          "Stockcode": 778214,
          "Barcode": "9300617073666",
          "GtinFormat": 13,
          "CupPrice": 3.83,
          "InstoreCupPrice": 3.83,
          "CupMeasure": "100G",
          "CupString": "$3.83 / 100G",
          "InstoreCupString": "$3.83 / 100G",
          "HasCupPrice": true,
          "InstoreHasCupPrice": true,
          "Price": 5.75,
          "InstorePrice": 5.75,
          "Name": "Cadbury Dream Bumper Chocolate Easter Bunny",
          "UrlFriendlyName": "cadbury-dream-bumper-chocolate-easter-bunny",
          "Description": " Cadbury Dream Bumper<br>Chocolate Easter... 150g",
          "SmallImageFile": "https://cdn0.woolworths.media/content/wowproductimages/small/778214.jpg",
          "MediumImageFile": "https://cdn0.woolworths.media/content/wowproductimages/medium/778214.jpg",
          "LargeImageFile": "https://cdn0.woolworths.media/content/wowproductimages/large/778214.jpg",
          "IsNew": false,
          "IsOnSpecial": false,
          "InstoreIsOnSpecial": false,
          "IsEdrSpecial": false,
          "SavingsAmount": 0,
          "InstoreSavingsAmount": 0,
          "WasPrice": 5.75,
          "InstoreWasPrice": 5.75,
          "QuantityInTrolley": 0,
          "Unit": "Each",
          "MinimumQuantity": 1,
          "HasBeenBoughtBefore": false,
          "IsInTrolley": false,
          "Source": "Aisle.Pantry",
          "SupplyLimit": 10,
          "IsRanged": false,
          "IsInStock": true,
          "PackageSize": "150g",
          "IsPmDelivery": false,
          "IsForCollection": true,
          "IsForDelivery": true,
          "IsForExpress": false,
          "ProductRestrictionMessage": null,
          "ProductWarningMessage": null,
          "CentreTag": {
            "TagContent": "<span style=\"COLOR: #e2001a\"> Was $5.50 27/02/2017</span>",
            "TagLink": null,
            "FallbackText": null,
            "TagType": "Html",
            "MultibuyData": null
          },
          "IsCentreTag": true,
          "ImageTag": {
            "TagContent": null,
            "TagLink": null,
            "FallbackText": "",
            "TagType": "None",
            "MultibuyData": null
          },
          "HeaderTag": {
            "BackgroundColor": "#fff",
            "BorderColor": "#c20016",
            "TextColor": "#c20016",
            "Content": "<span class=\"u-semibold\">Prices dropped</span>",
            "TagLink": null,
            "Promotion": "PriceDropped"
          },
          "HasHeaderTag": true,
          "UnitWeightInGrams": 150,
          "SupplyLimitMessage": "'Cadbury Dream Bumper Chocolate Easter Bunny' has a supply limit of 10. The quantity in your cart has been reduced accordingly. To purchase a larger quantity, please contact us on 1800 000 610. Please note we do not supply trade orders.",
          "SmallFormatDescription": "Cadbury Dream Bumper Chocolate Easter Bunny",
          "FullDescription": "Cadbury Dream Bumper Chocolate Easter Bunny",
          "IsAvailable": true,
          "InstoreIsAvailable": true,
          "IsPurchasable": true,
          "InstoreIsPurchasable": true,
          "AgeRestricted": false,
          "DisplayQuantity": 1,
          "RichDescription": "<p>Cadbury Dream Easter Bunny perfect for white chocolate lovers for this Easter.</p>",
          "IsDeliveryPass": false,
          "HideWasSavedPrice": false,
          "SapCategories": null,
          "Brand": "cadbury",
          "IsRestrictedByDeliveryMethod": false,
          "FooterTag": {
            "TagContent": "<div class=\"productTag-pricedropped\" style=\"\r\nheight:46px;\r\nposition:absolute;\r\ntop:-4px;\r\nleft:0;\r\nwidth:100%;\r\nbackground:white;\r\noutline: 1px solid #c20016;\r\ntext-align:center;\">\r\n\r\n<img src=\"https://cdn0.woolworths.media/content/content/pricedropped-footer-transparent.png\" width=\"204px\" height=\"16px\" alt=\"Price Dropped\" style=\"display:inline-block;margin-top:15px;max-width: 100%;\">\r\n</div>",
            "TagLink": null,
            "FallbackText": null,
            "TagType": "Html",
            "MultibuyData": null
          },
          "IsFooterEnabled": true,
          "Diagnostics": "1338",
          "IsBundle": false,
          "IsInFamily": false,
          "ChildProducts": [],
          "UrlOverride": null,
          "AdditionalAttributes": {
            "sapdepartmentname": "GROCERIES",
            "sapdepartmentno": "5",
            "sapcategoryname": "SEASONAL FOODS",
            "sapcategoryno": "40",
            "sapsubcategoryname": "EASTER CONFECTIONERY",
            "sapsubcategoryno": "674",
            "sapsegmentname": "EASTER RABBITS",
            "sapsegmentno": "10",
            "specialsgroupid": null,
            "PiesProductDepartmentNodeId": "1_39FD49C",
            "PiesProductDepartmentsjson": "[{\"Id\":\"1_39FD49C\",\"Description\":\"Pantry\"},{\"Id\":\"1_C4BB750\",\"Description\":\"Easter\"}]",
            "piesdepartmentnamesjson": "[\"Pantry\",\"Easter\"]",
            "piescategorynamesjson": "[\"Snacks & Confectionery\",\"Chocolate\"]",
            "piessubcategorynamesjson": "[\"Easter Bunnies\",\"Chocolate Boxes & Gifts\"]",
            "servingsize-total-nip": null,
            "servingsperpack-total-nip": null,
            "microwaveable": "False",
            "ovencook": "False",
            "vegetarian": "False",
            "freezable": "False",
            "containsnuts": "False",
            "containsgluten": "False",
            "description": "<p>Cadbury Dream Easter Bunny perfect for white chocolate lovers for this Easter.</p>",
            "ingredients": "Sugar, Milk Solids, Cocoa Butter, Emulsifiers (Soy, Lecithin, 476), Flavours.",
            "nutritionalinformation": "{\"Name\":\"Nutritional Information\",\"Attributes\":[{\"Id\":705,\"Name\":\"Carbohydrate Quantity Per 100g - Total - NIP\",\"Value\":\"61.6\",\"Description\":\"Carbohydrate Quantity Per 100g - Total - NIP\",\"SortOrder\":83},{\"Id\":706,\"Name\":\"Carbohydrate Quantity Per Serve - Total - NIP\",\"Value\":\"15.4\",\"Description\":\"Carbohydrate Quantity Per Serve - Total - NIP\",\"SortOrder\":87},{\"Id\":759,\"Name\":\"Energy kJ Quantity Per 100g - Total - NIP\",\"Value\":\"2290\",\"Description\":\"Energy kJ Quantity Per 100g - Total - NIP\",\"SortOrder\":239},{\"Id\":760,\"Name\":\"Energy kJ Quantity Per Serve - Total - NIP\",\"Value\":\"573\",\"Description\":\"Energy kJ Quantity Per Serve - Total - NIP\",\"SortOrder\":243},{\"Id\":253,\"Name\":\"Fat Saturated Quantity Per 100g - Total - NIP\",\"Value\":\"19.9\",\"Description\":\"Fat Saturated Quantity Per 100g - Total - NIP\",\"SortOrder\":251},{\"Id\":258,\"Name\":\"Fat Saturated Quantity Per Serve - Total - NIP\",\"Value\":\"5.0\",\"Description\":\"Fat Saturated Quantity Per Serve - Total - NIP\",\"SortOrder\":255},{\"Id\":764,\"Name\":\"Fat Total Quantity Per 100g - Total - NIP\",\"Value\":\"31.8\",\"Description\":\"Fat Total Quantity Per 100g - Total - NIP\",\"SortOrder\":263},{\"Id\":264,\"Name\":\"Fat Total Quantity Per Serve - Total - NIP\",\"Value\":\"8.0\",\"Description\":\"Fat Total Quantity Per Serve - Total - NIP\",\"SortOrder\":267},{\"Id\":878,\"Name\":\"Protein Quantity Per 100g - Total - NIP\",\"Value\":\"3.9\",\"Description\":\"Protein Quantity Per 100g - Total - NIP\",\"SortOrder\":587},{\"Id\":882,\"Name\":\"Protein Quantity Per Serve - Total - NIP\",\"Value\":\"<1.0\",\"Description\":\"Protein Quantity Per Serve - Total - NIP\",\"SortOrder\":591},{\"Id\":477,\"Name\":\"Serving Size - Total - NIP\",\"Value\":\"25g\",\"Description\":\"Serving Size - Total - NIP\",\"SortOrder\":607},{\"Id\":544,\"Name\":\"Servings Per Pack - Total - NIP\",\"Value\":\"6\",\"Description\":\"Servings Per Pack - Total - NIP\",\"SortOrder\":611},{\"Id\":491,\"Name\":\"Sodium Quantity Per 100g - Total - NIP\",\"Value\":\"100\",\"Description\":\"Sodium Quantity Per 100g - Total - NIP\",\"SortOrder\":623},{\"Id\":495,\"Name\":\"Sodium Quantity Per Serve - Total - NIP\",\"Value\":\"25\",\"Description\":\"Sodium Quantity Per Serve - Total - NIP\",\"SortOrder\":627},{\"Id\":909,\"Name\":\"Sugars Quantity Per 100g - Total - NIP\",\"Value\":\"61.5\",\"Description\":\"Sugars Quantity Per 100g - Total - NIP\",\"SortOrder\":647},{\"Id\":910,\"Name\":\"Sugars Quantity Per 100g - ValueWord - NIP\",\"Value\":\"61.5\",\"Description\":\"Sugars Quantity Per 100g - ValueWord - NIP\",\"SortOrder\":648},{\"Id\":912,\"Name\":\"Sugars Quantity Per Serve - Total - NIP\",\"Value\":\"15.4\",\"Description\":\"Sugars Quantity Per Serve - Total - NIP\",\"SortOrder\":651},{\"Id\":572,\"Name\":\"Sugars Quantity Per Serve - ValueWord - NIP\",\"Value\":\"15.4\",\"Description\":\"Sugars Quantity Per Serve - ValueWord - NIP\",\"SortOrder\":652}]}",
            "storageinstructions": "Please store in cool, dry conditions.",
            "usageinstructions": null,
            "brand": "cadbury",
            "manufacturer": null,
            "countryoforigin": null,
            "productheightmm": null,
            "productwidthmm": null,
            "productdepthmm": null,
            "wool_productpackaging": null,
            "recyclableinformation": null,
            "importantinformation": null,
            "allergencontains": "Milk, Soy",
            "allergenmaybepresent": "Peanuts, Tree Nuts",
            "allergystatement": "Fish Free",
            "lifestyleanddietarystatement": "Gluten Free",
            "lifestyleclaim": null,
            "wool_dietaryclaim": null,
            "boxedcontents": null,
            "suitablefor": null,
            "fragrance": null,
            "colour": null,
            "antioxidant": "False",
            "addedvitaminsandminerals": "False",
            "bpafree": "False",
            "sulfatefree": "False",
            "parabenfree": "False",
            "claims": null,
            "alcoholfree": null,
            "anti-dandruff": null,
            "dermatologicallyapproved": null,
            "dermatologistrecommended": null,
            "dermatologisttested": null,
            "fragrance-free": null,
            "haircolour": null,
            "hairtype": null,
            "hypo-allergenic": null,
            "non-comedogenic": null,
            "oilfree": null,
            "ophthalmologistapproved": null,
            "ophthalmologisttested": null,
            "paba-free": null,
            "skincondition": null,
            "skintype": null,
            "soap-free": null,
            "spf": null,
            "sweatresistant": null,
            "timer": null,
            "waterresistant": null,
            "phbalanced": null,
            "antiseptic": "False",
            "antibacterial": "False",
            "activeconstituents": null,
            "contains": null,
            "microwavesafe": "False",
            "productimagecount": "2",
            "friendlydisclaimer": null,
            "productimages": "778214.jpg,778214_7.jpg",
            "healthstarrating": "0",
            "tgawarnings": null,
            "vendorarticleid": null,
            "vendorcostprice": null,
            "tgawarning": null
          },
          "DetailsImagePaths": [
            "https://cdn0.woolworths.media/content/wowproductimages/large/778214.jpg",
            "https://cdn0.woolworths.media/content/wowproductimages/large/778214_7.jpg"
          ],
          "Variety": "easter bunny",
          "Rating": {
            "ReviewCount": 0,
            "RatingCount": 0,
            "RatingSum": 0,
            "OneStarCount": 0,
            "TwoStarCount": 0,
            "ThreeStarCount": 0,
            "FourStarCount": 0,
            "FiveStarCount": 0,
            "Average": 0,
            "OneStarPercentage": 0,
            "TwoStarPercentage": 0,
            "ThreeStarPercentage": 0,
            "FourStarPercentage": 0,
            "FiveStarPercentage": 0
          },
          "HasProductSubs": false,
          "IsSponsoredAd": false,
          "AdID": null,
          "AdIndex": null,
          "ThirdPartyProductInfo": null,
          "MarketFeatures": null,
          "MarketSpecifications": null
        }
      ],
      "Name": "Cadbury Dream Bumper Chocolate Easter Bunny"
    },
    {
      "Products": [
        {
          "TileID": 0,
          "Stockcode": 778226,
          "Barcode": "9300617073697",
          "GtinFormat": 13,
          "CupPrice": 3.38,
          "InstoreCupPrice": 3.38,
          "CupMeasure": "100G",
          "CupString": "$3.38 / 100G",
          "InstoreCupString": "$3.38 / 100G",
          "HasCupPrice": true,
          "InstoreHasCupPrice": true,
          "Price": 5.75,
          "InstorePrice": 5.75,
          "Name": "Cadbury Crunchie Chocolate Easter Bunny",
          "UrlFriendlyName": "cadbury-crunchie-chocolate-easter-bunny",
          "Description": " Cadbury Crunchie Chocolate<br>Easter Bunny 170g",
          "SmallImageFile": "https://cdn0.woolworths.media/content/wowproductimages/small/778226.jpg",
          "MediumImageFile": "https://cdn0.woolworths.media/content/wowproductimages/medium/778226.jpg",
          "LargeImageFile": "https://cdn0.woolworths.media/content/wowproductimages/large/778226.jpg",
          "IsNew": false,
          "IsOnSpecial": false,
          "InstoreIsOnSpecial": false,
          "IsEdrSpecial": false,
          "SavingsAmount": 0,
          "InstoreSavingsAmount": 0,
          "WasPrice": 5.75,
          "InstoreWasPrice": 5.75,
          "QuantityInTrolley": 0,
          "Unit": "Each",
          "MinimumQuantity": 1,
          "HasBeenBoughtBefore": false,
          "IsInTrolley": false,
          "Source": "Aisle.Pantry",
          "SupplyLimit": 10,
          "IsRanged": false,
          "IsInStock": true,
          "PackageSize": "170g",
          "IsPmDelivery": false,
          "IsForCollection": true,
          "IsForDelivery": true,
          "IsForExpress": false,
          "ProductRestrictionMessage": null,
          "ProductWarningMessage": null,
          "CentreTag": {
            "TagContent": null,
            "TagLink": null,
            "FallbackText": null,
            "TagType": "None",
            "MultibuyData": null
          },
          "IsCentreTag": false,
          "ImageTag": {
            "TagContent": null,
            "TagLink": null,
            "FallbackText": "",
            "TagType": "None",
            "MultibuyData": null
          },
          "HeaderTag": null,
          "HasHeaderTag": false,
          "UnitWeightInGrams": 170,
          "SupplyLimitMessage": "'Cadbury Crunchie Chocolate Easter Bunny' has a supply limit of 10. The quantity in your cart has been reduced accordingly. To purchase a larger quantity, please contact us on 1800 000 610. Please note we do not supply trade orders.",
          "SmallFormatDescription": "Cadbury Crunchie Chocolate Easter Bunny",
          "FullDescription": "Cadbury Crunchie Chocolate Easter Bunny",
          "IsAvailable": true,
          "InstoreIsAvailable": true,
          "IsPurchasable": true,
          "InstoreIsPurchasable": true,
          "AgeRestricted": false,
          "DisplayQuantity": 1,
          "RichDescription": "<p>Cadbury Crunchie Bunny with delicious golden Honeycomb pieces</p>",
          "IsDeliveryPass": false,
          "HideWasSavedPrice": false,
          "SapCategories": null,
          "Brand": "cadbury",
          "IsRestrictedByDeliveryMethod": false,
          "FooterTag": {
            "TagContent": null,
            "TagLink": null,
            "FallbackText": null,
            "TagType": "None",
            "MultibuyData": null
          },
          "IsFooterEnabled": false,
          "Diagnostics": "1339",
          "IsBundle": false,
          "IsInFamily": false,
          "ChildProducts": [],
          "UrlOverride": null,
          "AdditionalAttributes": {
            "sapdepartmentname": "GROCERIES",
            "sapdepartmentno": "5",
            "sapcategoryname": "SEASONAL FOODS",
            "sapcategoryno": "40",
            "sapsubcategoryname": "EASTER CONFECTIONERY",
            "sapsubcategoryno": "674",
            "sapsegmentname": "EASTER RABBITS",
            "sapsegmentno": "10",
            "specialsgroupid": null,
            "PiesProductDepartmentNodeId": "1_39FD49C",
            "PiesProductDepartmentsjson": "[{\"Id\":\"1_39FD49C\",\"Description\":\"Pantry\"},{\"Id\":\"1_C4BB750\",\"Description\":\"Easter\"}]",
            "piesdepartmentnamesjson": "[\"Pantry\",\"Easter\"]",
            "piescategorynamesjson": "[\"Snacks & Confectionery\",\"Chocolate\"]",
            "piessubcategorynamesjson": "[\"Chocolate Boxes & Gifts\",\"Easter Bunnies\"]",
            "servingsize-total-nip": null,
            "servingsperpack-total-nip": null,
            "microwaveable": "False",
            "ovencook": "False",
            "vegetarian": "False",
            "freezable": "False",
            "containsnuts": "False",
            "containsgluten": "False",
            "description": "<p>Cadbury Crunchie Bunny with delicious golden Honeycomb pieces</p>",
            "ingredients": "Sugar, Milk Solids, Cocoa Butter, Cocoa Mass, Crunchie Pieces (Sugar, Glucose Syrup, Raising Agent (500), Hydrolysed Milk Protein), Emulsifiers (Soy Lecithin, 476), Flavours.",
            "nutritionalinformation": "{\"Name\":\"Nutritional Information\",\"Attributes\":[{\"Id\":705,\"Name\":\"Carbohydrate Quantity Per 100g - Total - NIP\",\"Value\":\"65.4\",\"Description\":\"Carbohydrate Quantity Per 100g - Total - NIP\",\"SortOrder\":83},{\"Id\":706,\"Name\":\"Carbohydrate Quantity Per Serve - Total - NIP\",\"Value\":\"16.4\",\"Description\":\"Carbohydrate Quantity Per Serve - Total - NIP\",\"SortOrder\":87},{\"Id\":759,\"Name\":\"Energy kJ Quantity Per 100g - Total - NIP\",\"Value\":\"2180\",\"Description\":\"Energy kJ Quantity Per 100g - Total - NIP\",\"SortOrder\":239},{\"Id\":760,\"Name\":\"Energy kJ Quantity Per Serve - Total - NIP\",\"Value\":\"545\",\"Description\":\"Energy kJ Quantity Per Serve - Total - NIP\",\"SortOrder\":243},{\"Id\":253,\"Name\":\"Fat Saturated Quantity Per 100g - Total - NIP\",\"Value\":\"17.2\",\"Description\":\"Fat Saturated Quantity Per 100g - Total - NIP\",\"SortOrder\":251},{\"Id\":258,\"Name\":\"Fat Saturated Quantity Per Serve - Total - NIP\",\"Value\":\"4.3\",\"Description\":\"Fat Saturated Quantity Per Serve - Total - NIP\",\"SortOrder\":255},{\"Id\":764,\"Name\":\"Fat Total Quantity Per 100g - Total - NIP\",\"Value\":\"27.2\",\"Description\":\"Fat Total Quantity Per 100g - Total - NIP\",\"SortOrder\":263},{\"Id\":264,\"Name\":\"Fat Total Quantity Per Serve - Total - NIP\",\"Value\":\"6.8\",\"Description\":\"Fat Total Quantity Per Serve - Total - NIP\",\"SortOrder\":267},{\"Id\":878,\"Name\":\"Protein Quantity Per 100g - Total - NIP\",\"Value\":\"2.5\",\"Description\":\"Protein Quantity Per 100g - Total - NIP\",\"SortOrder\":587},{\"Id\":882,\"Name\":\"Protein Quantity Per Serve - Total - NIP\",\"Value\":\"<1.0\",\"Description\":\"Protein Quantity Per Serve - Total - NIP\",\"SortOrder\":591},{\"Id\":477,\"Name\":\"Serving Size - Total - NIP\",\"Value\":\"25g\",\"Description\":\"Serving Size - Total - NIP\",\"SortOrder\":607},{\"Id\":544,\"Name\":\"Servings Per Pack - Total - NIP\",\"Value\":\"6.8\",\"Description\":\"Servings Per Pack - Total - NIP\",\"SortOrder\":611},{\"Id\":491,\"Name\":\"Sodium Quantity Per 100g - Total - NIP\",\"Value\":\"91\",\"Description\":\"Sodium Quantity Per 100g - Total - NIP\",\"SortOrder\":623},{\"Id\":495,\"Name\":\"Sodium Quantity Per Serve - Total - NIP\",\"Value\":\"23\",\"Description\":\"Sodium Quantity Per Serve - Total - NIP\",\"SortOrder\":627},{\"Id\":909,\"Name\":\"Sugars Quantity Per 100g - Total - NIP\",\"Value\":\"62.9\",\"Description\":\"Sugars Quantity Per 100g - Total - NIP\",\"SortOrder\":647},{\"Id\":910,\"Name\":\"Sugars Quantity Per 100g - ValueWord - NIP\",\"Value\":\"62.9\",\"Description\":\"Sugars Quantity Per 100g - ValueWord - NIP\",\"SortOrder\":648},{\"Id\":912,\"Name\":\"Sugars Quantity Per Serve - Total - NIP\",\"Value\":\"15.7\",\"Description\":\"Sugars Quantity Per Serve - Total - NIP\",\"SortOrder\":651},{\"Id\":572,\"Name\":\"Sugars Quantity Per Serve - ValueWord - NIP\",\"Value\":\"15.7\",\"Description\":\"Sugars Quantity Per Serve - ValueWord - NIP\",\"SortOrder\":652}]}",
            "storageinstructions": "Please store in cool, dry conditions.",
            "usageinstructions": null,
            "brand": "cadbury",
            "manufacturer": null,
            "countryoforigin": null,
            "productheightmm": null,
            "productwidthmm": null,
            "productdepthmm": null,
            "wool_productpackaging": null,
            "recyclableinformation": null,
            "importantinformation": null,
            "allergencontains": "Milk, Soy",
            "allergenmaybepresent": "Peanuts, Tree Nuts, Wheat",
            "allergystatement": "Fish Free",
            "lifestyleanddietarystatement": null,
            "lifestyleclaim": null,
            "wool_dietaryclaim": null,
            "boxedcontents": null,
            "suitablefor": null,
            "fragrance": null,
            "colour": null,
            "antioxidant": "False",
            "addedvitaminsandminerals": "False",
            "bpafree": "False",
            "sulfatefree": "False",
            "parabenfree": "False",
            "claims": null,
            "alcoholfree": null,
            "anti-dandruff": null,
            "dermatologicallyapproved": null,
            "dermatologistrecommended": null,
            "dermatologisttested": null,
            "fragrance-free": null,
            "haircolour": null,
            "hairtype": null,
            "hypo-allergenic": null,
            "non-comedogenic": null,
            "oilfree": null,
            "ophthalmologistapproved": null,
            "ophthalmologisttested": null,
            "paba-free": null,
            "skincondition": null,
            "skintype": null,
            "soap-free": null,
            "spf": null,
            "sweatresistant": null,
            "timer": null,
            "waterresistant": null,
            "phbalanced": null,
            "antiseptic": "False",
            "antibacterial": "False",
            "activeconstituents": null,
            "contains": null,
            "microwavesafe": "False",
            "productimagecount": "2",
            "friendlydisclaimer": null,
            "productimages": "778226.jpg,778226_7.jpg",
            "healthstarrating": "0",
            "tgawarnings": null,
            "vendorarticleid": null,
            "vendorcostprice": null,
            "tgawarning": null
          },
          "DetailsImagePaths": [
            "https://cdn0.woolworths.media/content/wowproductimages/large/778226.jpg",
            "https://cdn0.woolworths.media/content/wowproductimages/large/778226_7.jpg"
          ],
          "Variety": "bunny",
          "Rating": {
            "ReviewCount": 0,
            "RatingCount": 0,
            "RatingSum": 0,
            "OneStarCount": 0,
            "TwoStarCount": 0,
            "ThreeStarCount": 0,
            "FourStarCount": 0,
            "FiveStarCount": 0,
            "Average": 0,
            "OneStarPercentage": 0,
            "TwoStarPercentage": 0,
            "ThreeStarPercentage": 0,
            "FourStarPercentage": 0,
            "FiveStarPercentage": 0
          },
          "HasProductSubs": false,
          "IsSponsoredAd": false,
          "AdID": null,
          "AdIndex": null,
          "ThirdPartyProductInfo": null,
          "MarketFeatures": null,
          "MarketSpecifications": null
        }
      ],
      "Name": "Cadbury Crunchie Chocolate Easter Bunny"
    },
    {
      "Products": [
        {
          "TileID": 0,
          "Stockcode": 778262,
          "Barcode": "9300617073758",
          "GtinFormat": 13,
          "CupPrice": 3.83,
          "InstoreCupPrice": 3.83,
          "CupMeasure": "100G",
          "CupString": "$3.83 / 100G",
          "InstoreCupString": "$3.83 / 100G",
          "HasCupPrice": true,
          "InstoreHasCupPrice": true,
          "Price": 5.75,
          "InstorePrice": 5.75,
          "Name": "Cadbury Old Gold Dark Chocolate Easter Bunny",
          "UrlFriendlyName": "cadbury-old-gold-dark-chocolate-easter-bunny",
          "Description": " Cadbury Old Gold Dark<br>Chocolate Easter... 150g",
          "SmallImageFile": "https://cdn0.woolworths.media/content/wowproductimages/small/778262.jpg",
          "MediumImageFile": "https://cdn0.woolworths.media/content/wowproductimages/medium/778262.jpg",
          "LargeImageFile": "https://cdn0.woolworths.media/content/wowproductimages/large/778262.jpg",
          "IsNew": false,
          "IsOnSpecial": false,
          "InstoreIsOnSpecial": false,
          "IsEdrSpecial": false,
          "SavingsAmount": 0,
          "InstoreSavingsAmount": 0,
          "WasPrice": 5.75,
          "InstoreWasPrice": 5.75,
          "QuantityInTrolley": 0,
          "Unit": "Each",
          "MinimumQuantity": 1,
          "HasBeenBoughtBefore": false,
          "IsInTrolley": false,
          "Source": "Aisle.Pantry",
          "SupplyLimit": 10,
          "IsRanged": false,
          "IsInStock": true,
          "PackageSize": "150g",
          "IsPmDelivery": false,
          "IsForCollection": true,
          "IsForDelivery": true,
          "IsForExpress": false,
          "ProductRestrictionMessage": null,
          "ProductWarningMessage": null,
          "CentreTag": {
            "TagContent": null,
            "TagLink": null,
            "FallbackText": null,
            "TagType": "None",
            "MultibuyData": null
          },
          "IsCentreTag": false,
          "ImageTag": {
            "TagContent": null,
            "TagLink": null,
            "FallbackText": "",
            "TagType": "None",
            "MultibuyData": null
          },
          "HeaderTag": null,
          "HasHeaderTag": false,
          "UnitWeightInGrams": 150,
          "SupplyLimitMessage": "'Cadbury Old Gold Dark Chocolate Easter Bunny' has a supply limit of 10. The quantity in your cart has been reduced accordingly. To purchase a larger quantity, please contact us on 1800 000 610. Please note we do not supply trade orders.",
          "SmallFormatDescription": "Cadbury Old Gold Dark Chocolate Easter Bunny",
          "FullDescription": "Cadbury Old Gold Dark Chocolate Easter Bunny",
          "IsAvailable": true,
          "InstoreIsAvailable": true,
          "IsPurchasable": true,
          "InstoreIsPurchasable": true,
          "AgeRestricted": false,
          "DisplayQuantity": 1,
          "RichDescription": "<p>Cadbury Old Gold Dark Chocolate Easter Bunny, perfect for all Dark chocolate lovers.</p>",
          "IsDeliveryPass": false,
          "HideWasSavedPrice": false,
          "SapCategories": null,
          "Brand": "cadbury",
          "IsRestrictedByDeliveryMethod": false,
          "FooterTag": {
            "TagContent": null,
            "TagLink": null,
            "FallbackText": null,
            "TagType": "None",
            "MultibuyData": null
          },
          "IsFooterEnabled": false,
          "Diagnostics": "1340",
          "IsBundle": false,
          "IsInFamily": false,
          "ChildProducts": [],
          "UrlOverride": null,
          "AdditionalAttributes": {
            "sapdepartmentname": "GROCERIES",
            "sapdepartmentno": "5",
            "sapcategoryname": "SEASONAL FOODS",
            "sapcategoryno": "40",
            "sapsubcategoryname": "EASTER CONFECTIONERY",
            "sapsubcategoryno": "674",
            "sapsegmentname": "EASTER RABBITS",
            "sapsegmentno": "10",
            "specialsgroupid": null,
            "PiesProductDepartmentNodeId": "1_39FD49C",
            "PiesProductDepartmentsjson": "[{\"Id\":\"1_39FD49C\",\"Description\":\"Pantry\"},{\"Id\":\"1_C4BB750\",\"Description\":\"Easter\"}]",
            "piesdepartmentnamesjson": "[\"Pantry\",\"Easter\"]",
            "piescategorynamesjson": "[\"Snacks & Confectionery\",\"Chocolate\"]",
            "piessubcategorynamesjson": "[\"Easter Bunnies\",\"Chocolate Boxes & Gifts\"]",
            "servingsize-total-nip": null,
            "servingsperpack-total-nip": null,
            "microwaveable": "False",
            "ovencook": "False",
            "vegetarian": "False",
            "freezable": "False",
            "containsnuts": "False",
            "containsgluten": "False",
            "description": "<p>Cadbury Old Gold Dark Chocolate Easter Bunny, perfect for all Dark chocolate lovers.</p>",
            "ingredients": "Sugar, Cocoa Mass, Cocoa Butter, Emulsifiers (Soy Lecithin, 476), Flavour, Milk Solids.",
            "nutritionalinformation": "{\"Name\":\"Nutritional Information\",\"Attributes\":[{\"Id\":705,\"Name\":\"Carbohydrate Quantity Per 100g - Total - NIP\",\"Value\":\"54.5g\",\"Description\":\"Carbohydrate Quantity Per 100g - Total - NIP\",\"SortOrder\":83},{\"Id\":706,\"Name\":\"Carbohydrate Quantity Per Serve - Total - NIP\",\"Value\":\"13.6g\",\"Description\":\"Carbohydrate Quantity Per Serve - Total - NIP\",\"SortOrder\":87},{\"Id\":759,\"Name\":\"Energy kJ Quantity Per 100g - Total - NIP\",\"Value\":\"2290kJ\",\"Description\":\"Energy kJ Quantity Per 100g - Total - NIP\",\"SortOrder\":239},{\"Id\":760,\"Name\":\"Energy kJ Quantity Per Serve - Total - NIP\",\"Value\":\"573kJ\",\"Description\":\"Energy kJ Quantity Per Serve - Total - NIP\",\"SortOrder\":243},{\"Id\":253,\"Name\":\"Fat Saturated Quantity Per 100g - Total - NIP\",\"Value\":\"20.1g\",\"Description\":\"Fat Saturated Quantity Per 100g - Total - NIP\",\"SortOrder\":251},{\"Id\":258,\"Name\":\"Fat Saturated Quantity Per Serve - Total - NIP\",\"Value\":\"5.0g\",\"Description\":\"Fat Saturated Quantity Per Serve - Total - NIP\",\"SortOrder\":255},{\"Id\":764,\"Name\":\"Fat Total Quantity Per 100g - Total - NIP\",\"Value\":\"33.6g\",\"Description\":\"Fat Total Quantity Per 100g - Total - NIP\",\"SortOrder\":263},{\"Id\":264,\"Name\":\"Fat Total Quantity Per Serve - Total - NIP\",\"Value\":\"8.4g\",\"Description\":\"Fat Total Quantity Per Serve - Total - NIP\",\"SortOrder\":267},{\"Id\":878,\"Name\":\"Protein Quantity Per 100g - Total - NIP\",\"Value\":\"5.4g\",\"Description\":\"Protein Quantity Per 100g - Total - NIP\",\"SortOrder\":587},{\"Id\":882,\"Name\":\"Protein Quantity Per Serve - Total - NIP\",\"Value\":\"1.4g\",\"Description\":\"Protein Quantity Per Serve - Total - NIP\",\"SortOrder\":591},{\"Id\":477,\"Name\":\"Serving Size - Total - NIP\",\"Value\":\"25g\",\"Description\":\"Serving Size - Total - NIP\",\"SortOrder\":607},{\"Id\":544,\"Name\":\"Servings Per Pack - Total - NIP\",\"Value\":\"6\",\"Description\":\"Servings Per Pack - Total - NIP\",\"SortOrder\":611},{\"Id\":491,\"Name\":\"Sodium Quantity Per 100g - Total - NIP\",\"Value\":\"3mg\",\"Description\":\"Sodium Quantity Per 100g - Total - NIP\",\"SortOrder\":623},{\"Id\":495,\"Name\":\"Sodium Quantity Per Serve - Total - NIP\",\"Value\":\"1mg\",\"Description\":\"Sodium Quantity Per Serve - Total - NIP\",\"SortOrder\":627},{\"Id\":908,\"Name\":\"Sugars Quantity Per 100g - SuffixUnits - NIP\",\"Value\":\"g\",\"Description\":\"Sugars Quantity Per 100g - SuffixUnits - NIP\",\"SortOrder\":646},{\"Id\":909,\"Name\":\"Sugars Quantity Per 100g - Total - NIP\",\"Value\":\"50.3g\",\"Description\":\"Sugars Quantity Per 100g - Total - NIP\",\"SortOrder\":647},{\"Id\":910,\"Name\":\"Sugars Quantity Per 100g - ValueWord - NIP\",\"Value\":\"50.3\",\"Description\":\"Sugars Quantity Per 100g - ValueWord - NIP\",\"SortOrder\":648},{\"Id\":911,\"Name\":\"Sugars Quantity Per Serve - SuffixUnits - NIP\",\"Value\":\"g\",\"Description\":\"Sugars Quantity Per Serve - SuffixUnits - NIP\",\"SortOrder\":650},{\"Id\":912,\"Name\":\"Sugars Quantity Per Serve - Total - NIP\",\"Value\":\"12.6g\",\"Description\":\"Sugars Quantity Per Serve - Total - NIP\",\"SortOrder\":651},{\"Id\":572,\"Name\":\"Sugars Quantity Per Serve - ValueWord - NIP\",\"Value\":\"12.6\",\"Description\":\"Sugars Quantity Per Serve - ValueWord - NIP\",\"SortOrder\":652}]}",
            "storageinstructions": "Please store in cool, dry conditions.",
            "usageinstructions": null,
            "brand": "cadbury",
            "manufacturer": null,
            "countryoforigin": null,
            "productheightmm": null,
            "productwidthmm": null,
            "productdepthmm": null,
            "wool_productpackaging": null,
            "recyclableinformation": null,
            "importantinformation": null,
            "allergencontains": "Milk, Soy",
            "allergenmaybepresent": "Peanuts, Tree Nuts",
            "allergystatement": "Wheat Free",
            "lifestyleanddietarystatement": "Gluten Free",
            "lifestyleclaim": null,
            "wool_dietaryclaim": null,
            "boxedcontents": null,
            "suitablefor": null,
            "fragrance": null,
            "colour": null,
            "antioxidant": "False",
            "addedvitaminsandminerals": "False",
            "bpafree": "False",
            "sulfatefree": "False",
            "parabenfree": "False",
            "claims": null,
            "alcoholfree": null,
            "anti-dandruff": null,
            "dermatologicallyapproved": null,
            "dermatologistrecommended": null,
            "dermatologisttested": null,
            "fragrance-free": null,
            "haircolour": null,
            "hairtype": null,
            "hypo-allergenic": null,
            "non-comedogenic": null,
            "oilfree": null,
            "ophthalmologistapproved": null,
            "ophthalmologisttested": null,
            "paba-free": null,
            "skincondition": null,
            "skintype": null,
            "soap-free": null,
            "spf": null,
            "sweatresistant": null,
            "timer": null,
            "waterresistant": null,
            "phbalanced": null,
            "antiseptic": "False",
            "antibacterial": "False",
            "activeconstituents": null,
            "contains": null,
            "microwavesafe": "False",
            "productimagecount": "1",
            "friendlydisclaimer": null,
            "productimages": "778262.jpg",
            "healthstarrating": "0",
            "tgawarnings": null,
            "vendorarticleid": null,
            "vendorcostprice": null,
            "tgawarning": null
          },
          "DetailsImagePaths": [
            "https://cdn0.woolworths.media/content/wowproductimages/large/778262.jpg"
          ],
          "Variety": "easter bunny",
          "Rating": {
            "ReviewCount": 0,
            "RatingCount": 0,
            "RatingSum": 0,
            "OneStarCount": 0,
            "TwoStarCount": 0,
            "ThreeStarCount": 0,
            "FourStarCount": 0,
            "FiveStarCount": 0,
            "Average": 0,
            "OneStarPercentage": 0,
            "TwoStarPercentage": 0,
            "ThreeStarPercentage": 0,
            "FourStarPercentage": 0,
            "FiveStarPercentage": 0
          },
          "HasProductSubs": false,
          "IsSponsoredAd": false,
          "AdID": null,
          "AdIndex": null,
          "ThirdPartyProductInfo": null,
          "MarketFeatures": null,
          "MarketSpecifications": null
        }
      ],
      "Name": "Cadbury Old Gold Dark Chocolate Easter Bunny"
    },
    {
      "Products": [
        {
          "TileID": 0,
          "Stockcode": 796638,
          "Barcode": "9300617037514",
          "GtinFormat": 13,
          "CupPrice": 3.83,
          "InstoreCupPrice": 3.83,
          "CupMeasure": "100G",
          "CupString": "$3.83 / 100G",
          "InstoreCupString": "$3.83 / 100G",
          "HasCupPrice": true,
          "InstoreHasCupPrice": true,
          "Price": 5.75,
          "InstorePrice": 5.75,
          "Name": "Cadbury Dairy Milk Chocolate Easter Bunny",
          "UrlFriendlyName": "cadbury-dairy-milk-chocolate-easter-bunny",
          "Description": " Cadbury Dairy Milk Chocolate<br>Easter Bunny 150g",
          "SmallImageFile": "https://cdn0.woolworths.media/content/wowproductimages/small/796638.jpg",
          "MediumImageFile": "https://cdn0.woolworths.media/content/wowproductimages/medium/796638.jpg",
          "LargeImageFile": "https://cdn0.woolworths.media/content/wowproductimages/large/796638.jpg",
          "IsNew": false,
          "IsOnSpecial": false,
          "InstoreIsOnSpecial": false,
          "IsEdrSpecial": false,
          "SavingsAmount": 0,
          "InstoreSavingsAmount": 0,
          "WasPrice": 5.75,
          "InstoreWasPrice": 5.75,
          "QuantityInTrolley": 0,
          "Unit": "Each",
          "MinimumQuantity": 1,
          "HasBeenBoughtBefore": false,
          "IsInTrolley": false,
          "Source": "Aisle.Pantry",
          "SupplyLimit": 10,
          "IsRanged": false,
          "IsInStock": true,
          "PackageSize": "150g",
          "IsPmDelivery": false,
          "IsForCollection": true,
          "IsForDelivery": true,
          "IsForExpress": false,
          "ProductRestrictionMessage": null,
          "ProductWarningMessage": null,
          "CentreTag": {
            "TagContent": null,
            "TagLink": null,
            "FallbackText": null,
            "TagType": "None",
            "MultibuyData": null
          },
          "IsCentreTag": false,
          "ImageTag": {
            "TagContent": null,
            "TagLink": null,
            "FallbackText": "",
            "TagType": "None",
            "MultibuyData": null
          },
          "HeaderTag": null,
          "HasHeaderTag": false,
          "UnitWeightInGrams": 150,
          "SupplyLimitMessage": "'Cadbury Dairy Milk Chocolate Easter Bunny' has a supply limit of 10. The quantity in your cart has been reduced accordingly. To purchase a larger quantity, please contact us on 1800 000 610. Please note we do not supply trade orders.",
          "SmallFormatDescription": "Cadbury Dairy Milk Chocolate Easter Bunny",
          "FullDescription": "Cadbury Dairy Milk Chocolate Easter Bunny",
          "IsAvailable": true,
          "InstoreIsAvailable": true,
          "IsPurchasable": true,
          "InstoreIsPurchasable": true,
          "AgeRestricted": false,
          "DisplayQuantity": 1,
          "RichDescription": "<p>Cadbury Dairy Milk milk chocolate bunny, the perfect gift to hop out of bed for this Easter.</p>",
          "IsDeliveryPass": false,
          "HideWasSavedPrice": false,
          "SapCategories": null,
          "Brand": "cadbury",
          "IsRestrictedByDeliveryMethod": false,
          "FooterTag": {
            "TagContent": null,
            "TagLink": null,
            "FallbackText": null,
            "TagType": "None",
            "MultibuyData": null
          },
          "IsFooterEnabled": false,
          "Diagnostics": "1341",
          "IsBundle": false,
          "IsInFamily": false,
          "ChildProducts": [],
          "UrlOverride": null,
          "AdditionalAttributes": {
            "sapdepartmentname": "GROCERIES",
            "sapdepartmentno": "5",
            "sapcategoryname": "SEASONAL FOODS",
            "sapcategoryno": "40",
            "sapsubcategoryname": "EASTER CONFECTIONERY",
            "sapsubcategoryno": "674",
            "sapsegmentname": "EASTER RABBITS",
            "sapsegmentno": "10",
            "specialsgroupid": null,
            "PiesProductDepartmentNodeId": "1_39FD49C",
            "PiesProductDepartmentsjson": "[{\"Id\":\"1_39FD49C\",\"Description\":\"Pantry\"},{\"Id\":\"1_C4BB750\",\"Description\":\"Easter\"}]",
            "piesdepartmentnamesjson": "[\"Pantry\",\"Easter\"]",
            "piescategorynamesjson": "[\"Snacks & Confectionery\",\"Chocolate\"]",
            "piessubcategorynamesjson": "[\"Chocolate Boxes & Gifts\",\"Easter Bunnies\"]",
            "servingsize-total-nip": null,
            "servingsperpack-total-nip": null,
            "microwaveable": "False",
            "ovencook": "False",
            "vegetarian": "False",
            "freezable": "False",
            "containsnuts": "False",
            "containsgluten": "False",
            "description": "<p>Cadbury Dairy Milk milk chocolate bunny, the perfect gift to hop out of bed for this Easter.</p>",
            "ingredients": "Full Cream Milk, Sugar, Cocoa Butter, Cocoa Mass, Milk Solids, Emulsifiers (Soy Lecithin, 476), Flavours.",
            "nutritionalinformation": "{\"Name\":\"Nutritional Information\",\"Attributes\":[{\"Id\":705,\"Name\":\"Carbohydrate Quantity Per 100g - Total - NIP\",\"Value\":\"56.1g\",\"Description\":\"Carbohydrate Quantity Per 100g - Total - NIP\",\"SortOrder\":83},{\"Id\":706,\"Name\":\"Carbohydrate Quantity Per Serve - Total - NIP\",\"Value\":\"14.0g\",\"Description\":\"Carbohydrate Quantity Per Serve - Total - NIP\",\"SortOrder\":87},{\"Id\":759,\"Name\":\"Energy kJ Quantity Per 100g - Total - NIP\",\"Value\":\"2270kJ\",\"Description\":\"Energy kJ Quantity Per 100g - Total - NIP\",\"SortOrder\":239},{\"Id\":760,\"Name\":\"Energy kJ Quantity Per Serve - Total - NIP\",\"Value\":\"568kJ\",\"Description\":\"Energy kJ Quantity Per Serve - Total - NIP\",\"SortOrder\":243},{\"Id\":253,\"Name\":\"Fat Saturated Quantity Per 100g - Total - NIP\",\"Value\":\"19.7g\",\"Description\":\"Fat Saturated Quantity Per 100g - Total - NIP\",\"SortOrder\":251},{\"Id\":258,\"Name\":\"Fat Saturated Quantity Per Serve - Total - NIP\",\"Value\":\"4.9g\",\"Description\":\"Fat Saturated Quantity Per Serve - Total - NIP\",\"SortOrder\":255},{\"Id\":764,\"Name\":\"Fat Total Quantity Per 100g - Total - NIP\",\"Value\":\"31.5g\",\"Description\":\"Fat Total Quantity Per 100g - Total - NIP\",\"SortOrder\":263},{\"Id\":264,\"Name\":\"Fat Total Quantity Per Serve - Total - NIP\",\"Value\":\"7.9g\",\"Description\":\"Fat Total Quantity Per Serve - Total - NIP\",\"SortOrder\":267},{\"Id\":878,\"Name\":\"Protein Quantity Per 100g - Total - NIP\",\"Value\":\"7.7g\",\"Description\":\"Protein Quantity Per 100g - Total - NIP\",\"SortOrder\":587},{\"Id\":882,\"Name\":\"Protein Quantity Per Serve - Total - NIP\",\"Value\":\"1.9g\",\"Description\":\"Protein Quantity Per Serve - Total - NIP\",\"SortOrder\":591},{\"Id\":477,\"Name\":\"Serving Size - Total - NIP\",\"Value\":\"25g\",\"Description\":\"Serving Size - Total - NIP\",\"SortOrder\":607},{\"Id\":544,\"Name\":\"Servings Per Pack - Total - NIP\",\"Value\":\"6\",\"Description\":\"Servings Per Pack - Total - NIP\",\"SortOrder\":611},{\"Id\":491,\"Name\":\"Sodium Quantity Per 100g - Total - NIP\",\"Value\":\"81mg\",\"Description\":\"Sodium Quantity Per 100g - Total - NIP\",\"SortOrder\":623},{\"Id\":495,\"Name\":\"Sodium Quantity Per Serve - Total - NIP\",\"Value\":\"20mg\",\"Description\":\"Sodium Quantity Per Serve - Total - NIP\",\"SortOrder\":627},{\"Id\":907,\"Name\":\"Sugars Quantity Per 100g - Prefix - NIP\",\"Value\":\"\",\"Description\":\"Sugars Quantity Per 100g - Prefix - NIP\",\"SortOrder\":645},{\"Id\":908,\"Name\":\"Sugars Quantity Per 100g - SuffixUnits - NIP\",\"Value\":\"g\",\"Description\":\"Sugars Quantity Per 100g - SuffixUnits - NIP\",\"SortOrder\":646},{\"Id\":909,\"Name\":\"Sugars Quantity Per 100g - Total - NIP\",\"Value\":\"54.8g\",\"Description\":\"Sugars Quantity Per 100g - Total - NIP\",\"SortOrder\":647},{\"Id\":910,\"Name\":\"Sugars Quantity Per 100g - ValueWord - NIP\",\"Value\":\"54.8\",\"Description\":\"Sugars Quantity Per 100g - ValueWord - NIP\",\"SortOrder\":648},{\"Id\":504,\"Name\":\"Sugars Quantity Per Serve - Prefix - NIP\",\"Value\":\"\",\"Description\":\"Sugars Quantity Per Serve - Prefix - NIP\",\"SortOrder\":649},{\"Id\":911,\"Name\":\"Sugars Quantity Per Serve - SuffixUnits - NIP\",\"Value\":\"g\",\"Description\":\"Sugars Quantity Per Serve - SuffixUnits - NIP\",\"SortOrder\":650},{\"Id\":912,\"Name\":\"Sugars Quantity Per Serve - Total - NIP\",\"Value\":\"13.7g\",\"Description\":\"Sugars Quantity Per Serve - Total - NIP\",\"SortOrder\":651},{\"Id\":572,\"Name\":\"Sugars Quantity Per Serve - ValueWord - NIP\",\"Value\":\"13.7\",\"Description\":\"Sugars Quantity Per Serve - ValueWord - NIP\",\"SortOrder\":652}]}",
            "storageinstructions": "Please store in cool, dry conditions.",
            "usageinstructions": null,
            "brand": "cadbury",
            "manufacturer": null,
            "countryoforigin": null,
            "productheightmm": null,
            "productwidthmm": null,
            "productdepthmm": null,
            "wool_productpackaging": null,
            "recyclableinformation": null,
            "importantinformation": null,
            "allergencontains": "Milk, Soy",
            "allergenmaybepresent": "Peanuts, Tree Nuts",
            "allergystatement": "Wheat Free",
            "lifestyleanddietarystatement": "Low Salt",
            "lifestyleclaim": null,
            "wool_dietaryclaim": null,
            "boxedcontents": null,
            "suitablefor": null,
            "fragrance": null,
            "colour": null,
            "antioxidant": "False",
            "addedvitaminsandminerals": "False",
            "bpafree": "False",
            "sulfatefree": "False",
            "parabenfree": "False",
            "claims": null,
            "alcoholfree": null,
            "anti-dandruff": null,
            "dermatologicallyapproved": null,
            "dermatologistrecommended": null,
            "dermatologisttested": null,
            "fragrance-free": null,
            "haircolour": null,
            "hairtype": null,
            "hypo-allergenic": null,
            "non-comedogenic": null,
            "oilfree": null,
            "ophthalmologistapproved": null,
            "ophthalmologisttested": null,
            "paba-free": null,
            "skincondition": null,
            "skintype": null,
            "soap-free": null,
            "spf": null,
            "sweatresistant": null,
            "timer": null,
            "waterresistant": null,
            "phbalanced": null,
            "antiseptic": "False",
            "antibacterial": "False",
            "activeconstituents": null,
            "contains": null,
            "microwavesafe": "False",
            "productimagecount": "2",
            "friendlydisclaimer": null,
            "productimages": "796638.jpg,796638_7.jpg",
            "healthstarrating": "0",
            "tgawarnings": null,
            "vendorarticleid": null,
            "vendorcostprice": null,
            "tgawarning": null
          },
          "DetailsImagePaths": [
            "https://cdn0.woolworths.media/content/wowproductimages/large/796638.jpg",
            "https://cdn0.woolworths.media/content/wowproductimages/large/796638_7.jpg"
          ],
          "Variety": "bunny",
          "Rating": {
            "ReviewCount": 0,
            "RatingCount": 0,
            "RatingSum": 0,
            "OneStarCount": 0,
            "TwoStarCount": 0,
            "ThreeStarCount": 0,
            "FourStarCount": 0,
            "FiveStarCount": 0,
            "Average": 0,
            "OneStarPercentage": 0,
            "TwoStarPercentage": 0,
            "ThreeStarPercentage": 0,
            "FourStarPercentage": 0,
            "FiveStarPercentage": 0
          },
          "HasProductSubs": false,
          "IsSponsoredAd": false,
          "AdID": null,
          "AdIndex": null,
          "ThirdPartyProductInfo": null,
          "MarketFeatures": null,
          "MarketSpecifications": null
        }
      ],
      "Name": "Cadbury Dairy Milk Chocolate Easter Bunny"
    },
    {
      "Products": [
        {
          "TileID": 0,
          "Stockcode": 819177,
          "Barcode": "5010436600144",
          "GtinFormat": 13,
          "CupPrice": 1.69,
          "InstoreCupPrice": 1.69,
          "CupMeasure": "100G",
          "CupString": "$1.69 / 100G",
          "InstoreCupString": "$1.69 / 100G",
          "HasCupPrice": true,
          "InstoreHasCupPrice": true,
          "Price": 5.75,
          "InstorePrice": 5.75,
          "Name": "Target Corned Beef Halal",
          "UrlFriendlyName": "target-corned-beef-halal",
          "Description": " Target Corned Beef Halal 340g",
          "SmallImageFile": "https://cdn0.woolworths.media/content/wowproductimages/small/819177.jpg",
          "MediumImageFile": "https://cdn0.woolworths.media/content/wowproductimages/medium/819177.jpg",
          "LargeImageFile": "https://cdn0.woolworths.media/content/wowproductimages/large/819177.jpg",
          "IsNew": false,
          "IsOnSpecial": false,
          "InstoreIsOnSpecial": false,
          "IsEdrSpecial": false,
          "SavingsAmount": 0,
          "InstoreSavingsAmount": 0,
          "WasPrice": 5.75,
          "InstoreWasPrice": 5.75,
          "QuantityInTrolley": 0,
          "Unit": "Each",
          "MinimumQuantity": 1,
          "HasBeenBoughtBefore": false,
          "IsInTrolley": false,
          "Source": "Aisle.Pantry",
          "SupplyLimit": 36,
          "IsRanged": false,
          "IsInStock": true,
          "PackageSize": "340g",
          "IsPmDelivery": false,
          "IsForCollection": true,
          "IsForDelivery": true,
          "IsForExpress": false,
          "ProductRestrictionMessage": null,
          "ProductWarningMessage": null,
          "CentreTag": {
            "TagContent": null,
            "TagLink": null,
            "FallbackText": null,
            "TagType": "None",
            "MultibuyData": null
          },
          "IsCentreTag": false,
          "ImageTag": {
            "TagContent": null,
            "TagLink": null,
            "FallbackText": "",
            "TagType": "None",
            "MultibuyData": null
          },
          "HeaderTag": null,
          "HasHeaderTag": false,
          "UnitWeightInGrams": 400,
          "SupplyLimitMessage": "'Target Corned Beef Halal' has a supply limit of 36. The quantity in your cart has been reduced accordingly. To purchase a larger quantity, please contact us on 1800 000 610. Please note we do not supply trade orders.",
          "SmallFormatDescription": "Target Corned Beef Halal",
          "FullDescription": "Target Corned Beef Halal",
          "IsAvailable": true,
          "InstoreIsAvailable": true,
          "IsPurchasable": true,
          "InstoreIsPurchasable": true,
          "AgeRestricted": false,
          "DisplayQuantity": 1,
          "RichDescription": null,
          "IsDeliveryPass": false,
          "HideWasSavedPrice": false,
          "SapCategories": null,
          "Brand": "target",
          "IsRestrictedByDeliveryMethod": false,
          "FooterTag": {
            "TagContent": null,
            "TagLink": null,
            "FallbackText": null,
            "TagType": "None",
            "MultibuyData": null
          },
          "IsFooterEnabled": false,
          "Diagnostics": "1342",
          "IsBundle": false,
          "IsInFamily": false,
          "ChildProducts": [],
          "UrlOverride": null,
          "AdditionalAttributes": {
            "sapdepartmentname": "GROCERIES",
            "sapdepartmentno": "5",
            "sapcategoryname": "ETHNIC / GOURMET FOOD",
            "sapcategoryno": "79",
            "sapsubcategoryname": "MIDDLE EASTERN FOODS",
            "sapsubcategoryno": "23",
            "sapsegmentname": "PREPARED FOOD",
            "sapsegmentno": "3",
            "specialsgroupid": null,
            "PiesProductDepartmentNodeId": "1_39FD49C",
            "PiesProductDepartmentsjson": "[{\"Id\":\"1_39FD49C\",\"Description\":\"Pantry\"}]",
            "piesdepartmentnamesjson": "[\"Pantry\"]",
            "piescategorynamesjson": "[\"International Foods\"]",
            "piessubcategorynamesjson": "[\"Middle Eastern\"]",
            "servingsize-total-nip": null,
            "servingsperpack-total-nip": null,
            "microwaveable": "False",
            "ovencook": "False",
            "vegetarian": "False",
            "freezable": "False",
            "containsnuts": "False",
            "containsgluten": "False",
            "description": null,
            "ingredients": null,
            "nutritionalinformation": null,
            "storageinstructions": null,
            "usageinstructions": null,
            "brand": "target",
            "manufacturer": null,
            "countryoforigin": null,
            "productheightmm": null,
            "productwidthmm": null,
            "productdepthmm": null,
            "wool_productpackaging": null,
            "recyclableinformation": null,
            "importantinformation": null,
            "allergencontains": null,
            "allergenmaybepresent": null,
            "allergystatement": null,
            "lifestyleanddietarystatement": null,
            "lifestyleclaim": null,
            "wool_dietaryclaim": null,
            "boxedcontents": null,
            "suitablefor": null,
            "fragrance": null,
            "colour": null,
            "antioxidant": "False",
            "addedvitaminsandminerals": "False",
            "bpafree": "False",
            "sulfatefree": "False",
            "parabenfree": "False",
            "claims": null,
            "alcoholfree": null,
            "anti-dandruff": null,
            "dermatologicallyapproved": null,
            "dermatologistrecommended": null,
            "dermatologisttested": null,
            "fragrance-free": null,
            "haircolour": null,
            "hairtype": null,
            "hypo-allergenic": null,
            "non-comedogenic": null,
            "oilfree": null,
            "ophthalmologistapproved": null,
            "ophthalmologisttested": null,
            "paba-free": null,
            "skincondition": null,
            "skintype": null,
            "soap-free": null,
            "spf": null,
            "sweatresistant": null,
            "timer": null,
            "waterresistant": null,
            "phbalanced": null,
            "antiseptic": "False",
            "antibacterial": "False",
            "activeconstituents": null,
            "contains": null,
            "microwavesafe": "False",
            "productimagecount": "1",
            "friendlydisclaimer": null,
            "productimages": "819177.jpg",
            "healthstarrating": "0",
            "tgawarnings": null,
            "vendorarticleid": null,
            "vendorcostprice": null,
            "tgawarning": null
          },
          "DetailsImagePaths": [
            "https://cdn0.woolworths.media/content/wowproductimages/large/819177.jpg"
          ],
          "Variety": "halal",
          "Rating": {
            "ReviewCount": 0,
            "RatingCount": 0,
            "RatingSum": 0,
            "OneStarCount": 0,
            "TwoStarCount": 0,
            "ThreeStarCount": 0,
            "FourStarCount": 0,
            "FiveStarCount": 0,
            "Average": 0,
            "OneStarPercentage": 0,
            "TwoStarPercentage": 0,
            "ThreeStarPercentage": 0,
            "FourStarPercentage": 0,
            "FiveStarPercentage": 0
          },
          "HasProductSubs": false,
          "IsSponsoredAd": false,
          "AdID": null,
          "AdIndex": null,
          "ThirdPartyProductInfo": null,
          "MarketFeatures": null,
          "MarketSpecifications": null
        }
      ],
      "Name": "Target Corned Beef Halal"
    },
    {
      "Products": [
        {
          "TileID": 0,
          "Stockcode": 844408,
          "Barcode": "6003770003091",
          "GtinFormat": 13,
          "CupPrice": 2.3,
          "InstoreCupPrice": 2.3,
          "CupMeasure": "100G",
          "CupString": "$2.30 / 100G",
          "InstoreCupString": "$2.30 / 100G",
          "HasCupPrice": true,
          "InstoreHasCupPrice": true,
          "Price": 5.75,
          "InstorePrice": 5.75,
          "Name": "Nando's Mild Peri Peri Sauce",
          "UrlFriendlyName": "nando-s-mild-peri-peri-sauce",
          "Description": " Nando's Mild Peri Peri Sauce 250g",
          "SmallImageFile": "https://cdn0.woolworths.media/content/wowproductimages/small/844408.jpg",
          "MediumImageFile": "https://cdn0.woolworths.media/content/wowproductimages/medium/844408.jpg",
          "LargeImageFile": "https://cdn0.woolworths.media/content/wowproductimages/large/844408.jpg",
          "IsNew": false,
          "IsOnSpecial": false,
          "InstoreIsOnSpecial": false,
          "IsEdrSpecial": false,
          "SavingsAmount": 0,
          "InstoreSavingsAmount": 0,
          "WasPrice": 5.75,
          "InstoreWasPrice": 5.75,
          "QuantityInTrolley": 0,
          "Unit": "Each",
          "MinimumQuantity": 1,
          "HasBeenBoughtBefore": false,
          "IsInTrolley": false,
          "Source": "Aisle.Pantry",
          "SupplyLimit": 36,
          "IsRanged": false,
          "IsInStock": true,
          "PackageSize": "250g",
          "IsPmDelivery": false,
          "IsForCollection": true,
          "IsForDelivery": true,
          "IsForExpress": false,
          "ProductRestrictionMessage": null,
          "ProductWarningMessage": null,
          "CentreTag": {
            "TagContent": null,
            "TagLink": null,
            "FallbackText": null,
            "TagType": "None",
            "MultibuyData": null
          },
          "IsCentreTag": false,
          "ImageTag": {
            "TagContent": null,
            "TagLink": null,
            "FallbackText": "",
            "TagType": "None",
            "MultibuyData": null
          },
          "HeaderTag": null,
          "HasHeaderTag": false,
          "UnitWeightInGrams": 488,
          "SupplyLimitMessage": "'Nando's Mild Peri Peri Sauce' has a supply limit of 36. The quantity in your cart has been reduced accordingly. To purchase a larger quantity, please contact us on 1800 000 610. Please note we do not supply trade orders.",
          "SmallFormatDescription": "Nando's Mild Peri Peri Sauce",
          "FullDescription": "Nando's Mild Peri Peri Sauce",
          "IsAvailable": true,
          "InstoreIsAvailable": true,
          "IsPurchasable": true,
          "InstoreIsPurchasable": true,
          "AgeRestricted": false,
          "DisplayQuantity": 1,
          "RichDescription": "<p>Peri-Peri sauce is made with African Bird's Eye Chilli and a blend of ingredients onion, sun-ripened lemons, garlic and spices. This one is on the mild side, full of flavour for the whole family. </p><p>Peri-Peri is the heart and soul of Nando's and the secret ingredient behind Nando's Not restaurants worldwide.</p><p>No Artificial Preservatives</p><p>No Artificial Colourants</p><p>No Artificial Flavourings</p><p>No Added MSG</p><p>Gluten free</p>",
          "IsDeliveryPass": false,
          "HideWasSavedPrice": false,
          "SapCategories": null,
          "Brand": "nando's",
          "IsRestrictedByDeliveryMethod": false,
          "FooterTag": {
            "TagContent": null,
            "TagLink": null,
            "FallbackText": null,
            "TagType": "None",
            "MultibuyData": null
          },
          "IsFooterEnabled": false,
          "Diagnostics": "1343",
          "IsBundle": false,
          "IsInFamily": false,
          "ChildProducts": [],
          "UrlOverride": null,
          "AdditionalAttributes": {
            "sapdepartmentname": "GROCERIES",
            "sapdepartmentno": "5",
            "sapcategoryname": "CONDIMENTS",
            "sapcategoryno": "81",
            "sapsubcategoryname": "SAUCES",
            "sapsubcategoryno": "159",
            "sapsegmentname": "CHILLI SAUCE",
            "sapsegmentno": "7",
            "specialsgroupid": null,
            "PiesProductDepartmentNodeId": "1_39FD49C",
            "PiesProductDepartmentsjson": "[{\"Id\":\"1_39FD49C\",\"Description\":\"Pantry\"}]",
            "piesdepartmentnamesjson": "[\"Pantry\"]",
            "piescategorynamesjson": "[\"Condiments\",\"Sauce, Oil & Vinegar\"]",
            "piessubcategorynamesjson": "[\"Soy & Asian Sauces\",\"Sweet Chilli & Hot Sauce\",\"Sweet Chilli & Hot Sauce\"]",
            "servingsize-total-nip": null,
            "servingsperpack-total-nip": null,
            "microwaveable": "False",
            "ovencook": "False",
            "vegetarian": "False",
            "freezable": "False",
            "containsnuts": "False",
            "containsgluten": "False",
            "description": "<p>Peri-Peri sauce is made with African Bird's Eye Chilli and a blend of ingredients onion, sun-ripened lemons, garlic and spices. This one is on the mild side, full of flavour for the whole family. </p><p>Peri-Peri is the heart and soul of Nando's and the secret ingredient behind Nando's Not restaurants worldwide.</p><p>No Artificial Preservatives</p><p>No Artificial Colourants</p><p>No Artificial Flavourings</p><p>No Added MSG</p><p>Gluten free</p>",
            "ingredients": "Water, White Vinegar, Onion (11%), Salt, Lemon (4%), Vegetable Oil (Sunflower Seeds), Spices (including African Bird's Eye Chilli), Serrano Chilli, Garlic, Stabilisers (Xanthan Gum, Propylene Glycol Alginate), Antioxidant (Calcium Disodium EDTA). ",
            "nutritionalinformation": "{\"Name\":\"Nutritional Information\",\"Attributes\":[{\"Id\":705,\"Name\":\"Carbohydrate Quantity Per 100g - Total - NIP\",\"Value\":\"8.4g\",\"Description\":\"Carbohydrate Quantity Per 100g - Total - NIP\",\"SortOrder\":83},{\"Id\":706,\"Name\":\"Carbohydrate Quantity Per Serve - Total - NIP\",\"Value\":\"1.7g\",\"Description\":\"Carbohydrate Quantity Per Serve - Total - NIP\",\"SortOrder\":87},{\"Id\":759,\"Name\":\"Energy kJ Quantity Per 100g - Total - NIP\",\"Value\":\"288kJ\",\"Description\":\"Energy kJ Quantity Per 100g - Total - NIP\",\"SortOrder\":239},{\"Id\":760,\"Name\":\"Energy kJ Quantity Per Serve - Total - NIP\",\"Value\":\"58kJ\",\"Description\":\"Energy kJ Quantity Per Serve - Total - NIP\",\"SortOrder\":243},{\"Id\":253,\"Name\":\"Fat Saturated Quantity Per 100g - Total - NIP\",\"Value\":\"0.4g\",\"Description\":\"Fat Saturated Quantity Per 100g - Total - NIP\",\"SortOrder\":251},{\"Id\":258,\"Name\":\"Fat Saturated Quantity Per Serve - Total - NIP\",\"Value\":\"0.1g\",\"Description\":\"Fat Saturated Quantity Per Serve - Total - NIP\",\"SortOrder\":255},{\"Id\":764,\"Name\":\"Fat Total Quantity Per 100g - Total - NIP\",\"Value\":\"3.7g\",\"Description\":\"Fat Total Quantity Per 100g - Total - NIP\",\"SortOrder\":263},{\"Id\":264,\"Name\":\"Fat Total Quantity Per Serve - Total - NIP\",\"Value\":\"0.7g\",\"Description\":\"Fat Total Quantity Per Serve - Total - NIP\",\"SortOrder\":267},{\"Id\":878,\"Name\":\"Protein Quantity Per 100g - Total - NIP\",\"Value\":\"0.5g\",\"Description\":\"Protein Quantity Per 100g - Total - NIP\",\"SortOrder\":587},{\"Id\":882,\"Name\":\"Protein Quantity Per Serve - Total - NIP\",\"Value\":\"0.1g\",\"Description\":\"Protein Quantity Per Serve - Total - NIP\",\"SortOrder\":591},{\"Id\":477,\"Name\":\"Serving Size - Total - NIP\",\"Value\":\"20g\",\"Description\":\"Serving Size - Total - NIP\",\"SortOrder\":607},{\"Id\":544,\"Name\":\"Servings Per Pack - Total - NIP\",\"Value\":\"12\",\"Description\":\"Servings Per Pack - Total - NIP\",\"SortOrder\":611},{\"Id\":491,\"Name\":\"Sodium Quantity Per 100g - Total - NIP\",\"Value\":\"25g/2475mg\",\"Description\":\"Sodium Quantity Per 100g - Total - NIP\",\"SortOrder\":623},{\"Id\":495,\"Name\":\"Sodium Quantity Per Serve - Total - NIP\",\"Value\":\"0.5g/495mg\",\"Description\":\"Sodium Quantity Per Serve - Total - NIP\",\"SortOrder\":627},{\"Id\":907,\"Name\":\"Sugars Quantity Per 100g - Prefix - NIP\",\"Value\":\"\",\"Description\":\"Sugars Quantity Per 100g - Prefix - NIP\",\"SortOrder\":645},{\"Id\":908,\"Name\":\"Sugars Quantity Per 100g - SuffixUnits - NIP\",\"Value\":\"g\",\"Description\":\"Sugars Quantity Per 100g - SuffixUnits - NIP\",\"SortOrder\":646},{\"Id\":909,\"Name\":\"Sugars Quantity Per 100g - Total - NIP\",\"Value\":\"7.7g\",\"Description\":\"Sugars Quantity Per 100g - Total - NIP\",\"SortOrder\":647},{\"Id\":910,\"Name\":\"Sugars Quantity Per 100g - ValueWord - NIP\",\"Value\":\"7.7\",\"Description\":\"Sugars Quantity Per 100g - ValueWord - NIP\",\"SortOrder\":648},{\"Id\":504,\"Name\":\"Sugars Quantity Per Serve - Prefix - NIP\",\"Value\":\"\",\"Description\":\"Sugars Quantity Per Serve - Prefix - NIP\",\"SortOrder\":649},{\"Id\":911,\"Name\":\"Sugars Quantity Per Serve - SuffixUnits - NIP\",\"Value\":\"g\",\"Description\":\"Sugars Quantity Per Serve - SuffixUnits - NIP\",\"SortOrder\":650},{\"Id\":912,\"Name\":\"Sugars Quantity Per Serve - Total - NIP\",\"Value\":\"1.5g\",\"Description\":\"Sugars Quantity Per Serve - Total - NIP\",\"SortOrder\":651},{\"Id\":572,\"Name\":\"Sugars Quantity Per Serve - ValueWord - NIP\",\"Value\":\"1.5\",\"Description\":\"Sugars Quantity Per Serve - ValueWord - NIP\",\"SortOrder\":652}]}",
            "storageinstructions": "Once open, use within 3 months Although most people finish it much quicker than that.",
            "usageinstructions": null,
            "brand": "nando's",
            "manufacturer": null,
            "countryoforigin": null,
            "productheightmm": null,
            "productwidthmm": null,
            "productdepthmm": null,
            "wool_productpackaging": null,
            "recyclableinformation": null,
            "importantinformation": null,
            "allergencontains": null,
            "allergenmaybepresent": null,
            "allergystatement": "Egg Free",
            "lifestyleanddietarystatement": "Gluten Free",
            "lifestyleclaim": "Halal, Vegetarian",
            "wool_dietaryclaim": "No Added MSG, No Artificial Colours, No Artificial Flavours, No Preservatives",
            "boxedcontents": null,
            "suitablefor": null,
            "fragrance": null,
            "colour": null,
            "antioxidant": "False",
            "addedvitaminsandminerals": "False",
            "bpafree": "False",
            "sulfatefree": "False",
            "parabenfree": "False",
            "claims": null,
            "alcoholfree": null,
            "anti-dandruff": null,
            "dermatologicallyapproved": null,
            "dermatologistrecommended": null,
            "dermatologisttested": null,
            "fragrance-free": null,
            "haircolour": null,
            "hairtype": null,
            "hypo-allergenic": null,
            "non-comedogenic": null,
            "oilfree": null,
            "ophthalmologistapproved": null,
            "ophthalmologisttested": null,
            "paba-free": null,
            "skincondition": null,
            "skintype": null,
            "soap-free": null,
            "spf": null,
            "sweatresistant": null,
            "timer": null,
            "waterresistant": null,
            "phbalanced": null,
            "antiseptic": "False",
            "antibacterial": "False",
            "activeconstituents": null,
            "contains": null,
            "microwavesafe": "False",
            "productimagecount": "1",
            "friendlydisclaimer": null,
            "productimages": "844408.jpg",
            "healthstarrating": "0",
            "tgawarnings": null,
            "vendorarticleid": null,
            "vendorcostprice": null,
            "tgawarning": null
          },
          "DetailsImagePaths": [
            "https://cdn0.woolworths.media/content/wowproductimages/large/844408.jpg"
          ],
          "Variety": "sauce",
          "Rating": {
            "ReviewCount": 0,
            "RatingCount": 0,
            "RatingSum": 0,
            "OneStarCount": 0,
            "TwoStarCount": 0,
            "ThreeStarCount": 0,
            "FourStarCount": 0,
            "FiveStarCount": 0,
            "Average": 0,
            "OneStarPercentage": 0,
            "TwoStarPercentage": 0,
            "ThreeStarPercentage": 0,
            "FourStarPercentage": 0,
            "FiveStarPercentage": 0
          },
          "HasProductSubs": false,
          "IsSponsoredAd": false,
          "AdID": null,
          "AdIndex": null,
          "ThirdPartyProductInfo": null,
          "MarketFeatures": null,
          "MarketSpecifications": null
        }
      ],
      "Name": "Nando's Mild Peri Peri Sauce"
    }
  ],
  "TotalRecordCount": 7094,
  "UpperDynamicContent": null,
  "LowerDynamicContent": null,
  "RichRelevancePlacement": {
    "placement_name": null,
    "message": null,
    "Products": [],
    "Items": [],
    "StockcodesForDiscover": []
  },
  "Aggregations": [
    {
      "Name": "Brand",
      "DisplayName": "Brand",
      "Type": "Multi",
      "FilterType": "Term",
      "FilterDataType": "String",
      "Results": null,
      "ResultsGrouped": [
        {
          "Alphabet": "0-9",
          "Filters": [
            {
              "Name": "100 Plus",
              "Term": "100 Plus",
              "ExtraOutputFields": {},
              "Min": null,
              "Max": null,
              "Applied": false,
              "Count": 1,
              "Statement": null,
              "DisplayCoachMarks": false
            },
            {
              "Name": "2 Munch",
              "Term": "2 Munch",
              "ExtraOutputFields": {},
              "Min": null,
              "Max": null,
              "Applied": false,
              "Count": 2,
              "Statement": null,
              "DisplayCoachMarks": false
            }
          ]
        },
        {
          "Alphabet": "A",
          "Filters": [
            {
              "Name": "A+",
              "Term": "A+",
              "ExtraOutputFields": {},
              "Min": null,
              "Max": null,
              "Applied": false,
              "Count": 1,
              "Statement": null,
              "DisplayCoachMarks": false
            },
            {
              "Name": "AAS",
              "Term": "AAS",
              "ExtraOutputFields": {},
              "Min": null,
              "Max": null,
              "Applied": false,
              "Count": 1,
              "Statement": null,
              "DisplayCoachMarks": false
            },
            {
              "Name": "Aashirvaad",
              "Term": "Aashirvaad",
              "ExtraOutputFields": {},
              "Min": null,
              "Max": null,
              "Applied": false,
              "Count": 1,
              "Statement": null,
              "DisplayCoachMarks": false
            },
            {
              "Name": "ABC",
              "Term": "ABC",
              "ExtraOutputFields": {},
              "Min": null,
              "Max": null,
              "Applied": false,
              "Count": 5,
              "Statement": null,
              "DisplayCoachMarks": false
            },
            {
              "Name": "Abe's Bagel Bakery",
              "Term": "Abe's Bagel Bakery",
              "ExtraOutputFields": {},
              "Min": null,
              "Max": null,
              "Applied": false,
              "Count": 3,
              "Statement": null,
              "DisplayCoachMarks": false
            },
            {
              "Name": "Absolutely Gluten Free",
              "Term": "Absolutely Gluten Free",
              "ExtraOutputFields": {},
              "Min": null,
              "Max": null,
              "Applied": false,
              "Count": 2,
              "Statement": null,
              "DisplayCoachMarks": false
            },
            {
              "Name": "Achva",
              "Term": "Achva",
              "ExtraOutputFields": {},
              "Min": null,
              "Max": null,
              "Applied": false,
              "Count": 2,
              "Statement": null,
              "DisplayCoachMarks": false
            },
            {
              "Name": "Admiral",
              "Term": "Admiral",
              "ExtraOutputFields": {},
              "Min": null,
              "Max": null,
              "Applied": false,
              "Count": 1,
              "Statement": null,
              "DisplayCoachMarks": false
            },
            {
              "Name": "Aeroplane",
              "Term": "Aeroplane",
              "ExtraOutputFields": {},
              "Min": null,
              "Max": null,
              "Applied": false,
              "Count": 29,
              "Statement": null,
              "DisplayCoachMarks": false
            },
            {
              "Name": "Ainsley Harriot",
              "Term": "Ainsley Harriot",
              "ExtraOutputFields": {},
              "Min": null,
              "Max": null,
              "Applied": false,
              "Count": 4,
              "Statement": null,
              "DisplayCoachMarks": false
            },
            {
              "Name": "Airborne",
              "Term": "Airborne",
              "ExtraOutputFields": {},
              "Min": null,
              "Max": null,
              "Applied": false,
              "Count": 3,
              "Statement": null,
              "DisplayCoachMarks": false
            },
            {
              "Name": "Ajishima",
              "Term": "Ajishima",
              "ExtraOutputFields": {},
              "Min": null,
              "Max": null,
              "Applied": false,
              "Count": 1,
              "Statement": null,
              "DisplayCoachMarks": false
            },
            {
              "Name": "Al Barakah",
              "Term": "Al Barakah",
              "ExtraOutputFields": {},
              "Min": null,
              "Max": null,
              "Applied": false,
              "Count": 1,
              "Statement": null,
              "DisplayCoachMarks": false
            },
            {
              "Name": "Alameed Coffee",
              "Term": "Alameed Coffee",
              "ExtraOutputFields": {},
              "Min": null,
              "Max": null,
              "Applied": false,
              "Count": 2,
              "Statement": null,
              "DisplayCoachMarks": false
            },
            {
              "Name": "Alfa One",
              "Term": "Alfa One",
              "ExtraOutputFields": {},
              "Min": null,
              "Max": null,
              "Applied": false,
              "Count": 3,
              "Statement": null,
              "DisplayCoachMarks": false
            },
            {
              "Name": "All Natural Bakery",
              "Term": "All Natural Bakery",
              "ExtraOutputFields": {},
              "Min": null,
              "Max": null,
              "Applied": false,
              "Count": 6,
              "Statement": null,
              "DisplayCoachMarks": false
            },
            {
              "Name": "Allen's",
              "Term": "Allen's",
              "ExtraOutputFields": {},
              "Min": null,
              "Max": null,
              "Applied": false,
              "Count": 33,
              "Statement": null,
              "DisplayCoachMarks": false
            },
            {
              "Name": "ALLEN'S",
              "Term": "ALLEN'S",
              "ExtraOutputFields": {},
              "Min": null,
              "Max": null,
              "Applied": false,
              "Count": 3,
              "Statement": null,
              "DisplayCoachMarks": false
            },
            {
              "Name": "Altimate",
              "Term": "Altimate",
              "ExtraOutputFields": {},
              "Min": null,
              "Max": null,
              "Applied": false,
              "Count": 3,
              "Statement": null,
              "DisplayCoachMarks": false
            },
            {
              "Name": "Always Fresh",
              "Term": "Always Fresh",
              "ExtraOutputFields": {},
              "Min": null,
              "Max": null,
              "Applied": false,
              "Count": 59,
              "Statement": null,
              "DisplayCoachMarks": false
            },
            {
              "Name": "Ambrosia",
              "Term": "Ambrosia",
              "ExtraOutputFields": {},
              "Min": null,
              "Max": null,
              "Applied": false,
              "Count": 1,
              "Statement": null,
              "DisplayCoachMarks": false
            },
            {
              "Name": "Amigo",
              "Term": "Amigo",
              "ExtraOutputFields": {},
              "Min": null,
              "Max": null,
              "Applied": false,
              "Count": 2,
              "Statement": null,
              "DisplayCoachMarks": false
            },
            {
              "Name": "Amoy",
              "Term": "Amoy",
              "ExtraOutputFields": {},
              "Min": null,
              "Max": null,
              "Applied": false,
              "Count": 6,
              "Statement": null,
              "DisplayCoachMarks": false
            },
            {
              "Name": "Amul",
              "Term": "Amul",
              "ExtraOutputFields": {},
              "Min": null,
              "Max": null,
              "Applied": false,
              "Count": 1,
              "Statement": null,
              "DisplayCoachMarks": false
            },
            {
              "Name": "Amy's Kitchen",
              "Term": "Amy's Kitchen",
              "ExtraOutputFields": {},
              "Min": null,
              "Max": null,
              "Applied": false,
              "Count": 7,
              "Statement": null,
              "DisplayCoachMarks": false
            },
            {
              "Name": "Anchor",
              "Term": "Anchor",
              "ExtraOutputFields": {},
              "Min": null,
              "Max": null,
              "Applied": false,
              "Count": 1,
              "Statement": null,
              "DisplayCoachMarks": false
            },
            {
              "Name": "Angas Park",
              "Term": "Angas Park",
              "ExtraOutputFields": {},
              "Min": null,
              "Max": null,
              "Applied": false,
              "Count": 20,
              "Statement": null,
              "DisplayCoachMarks": false
            },
            {
              "Name": "Annalisa",
              "Term": "Annalisa",
              "ExtraOutputFields": {},
              "Min": null,
              "Max": null,
              "Applied": false,
              "Count": 21,
              "Statement": null,
              "DisplayCoachMarks": false
            },
            {
              "Name": "Archibald's",
              "Term": "Archibald's",
              "ExtraOutputFields": {},
              "Min": null,
              "Max": null,
              "Applied": false,
              "Count": 1,
              "Statement": null,
              "DisplayCoachMarks": false
            },
            {
              "Name": "Ardmona",
              "Term": "Ardmona",
              "ExtraOutputFields": {},
              "Min": null,
              "Max": null,
              "Applied": false,
              "Count": 7,
              "Statement": null,
              "DisplayCoachMarks": false
            },
            {
              "Name": "Argeta",
              "Term": "Argeta",
              "ExtraOutputFields": {},
              "Min": null,
              "Max": null,
              "Applied": false,
              "Count": 1,
              "Statement": null,
              "DisplayCoachMarks": false
            },
            {
              "Name": "Arkadia",
              "Term": "Arkadia",
              "ExtraOutputFields": {},
              "Min": null,
              "Max": null,
              "Applied": false,
              "Count": 4,
              "Statement": null,
              "DisplayCoachMarks": false
            },
            {
              "Name": "Arminia",
              "Term": "Arminia",
              "ExtraOutputFields": {},
              "Min": null,
              "Max": null,
              "Applied": false,
              "Count": 1,
              "Statement": null,
              "DisplayCoachMarks": false
            },
            {
              "Name": "Arnold's Farm",
              "Term": "Arnold's Farm",
              "ExtraOutputFields": {},
              "Min": null,
              "Max": null,
              "Applied": false,
              "Count": 3,
              "Statement": null,
              "DisplayCoachMarks": false
            },
            {
              "Name": "Arnott's",
              "Term": "Arnott's",
              "ExtraOutputFields": {},
              "Min": null,
              "Max": null,
              "Applied": false,
              "Count": 119,
              "Statement": null,
              "DisplayCoachMarks": false
            },
            {
              "Name": "Aroma",
              "Term": "Aroma",
              "ExtraOutputFields": {},
              "Min": null,
              "Max": null,
              "Applied": false,
              "Count": 1,
              "Statement": null,
              "DisplayCoachMarks": false
            },
            {
              "Name": "Asiago",
              "Term": "Asiago",
              "ExtraOutputFields": {},
              "Min": null,
              "Max": null,
              "Applied": false,
              "Count": 1,
              "Statement": null,
              "DisplayCoachMarks": false
            },
            {
              "Name": "Atkins",
              "Term": "Atkins",
              "ExtraOutputFields": {},
              "Min": null,
              "Max": null,
              "Applied": false,
              "Count": 2,
              "Statement": null,
              "DisplayCoachMarks": false
            },
            {
              "Name": "Aunt Betty's",
              "Term": "Aunt Betty's",
              "ExtraOutputFields": {},
              "Min": null,
              "Max": null,
              "Applied": false,
              "Count": 11,
              "Statement": null,
              "DisplayCoachMarks": false
            },
            {
              "Name": "Aussie Drops",
              "Term": "Aussie Drops",
              "ExtraOutputFields": {},
              "Min": null,
              "Max": null,
              "Applied": false,
              "Count": 1,
              "Statement": null,
              "DisplayCoachMarks": false
            },
            {
              "Name": "Australian Organic Food Co",
              "Term": "Australian Organic Food Co",
              "ExtraOutputFields": {},
              "Min": null,
              "Max": null,
              "Applied": false,
              "Count": 11,
              "Statement": null,
              "DisplayCoachMarks": false
            },
            {
              "Name": "Avofresh",
              "Term": "Avofresh",
              "ExtraOutputFields": {},
              "Min": null,
              "Max": null,
              "Applied": false,
              "Count": 4,
              "Statement": null,
              "DisplayCoachMarks": false
            },
            {
              "Name": "Awona",
              "Term": "Awona",
              "ExtraOutputFields": {},
              "Min": null,
              "Max": null,
              "Applied": false,
              "Count": 1,
              "Statement": null,
              "DisplayCoachMarks": false
            },
            {
              "Name": "Ayam",
              "Term": "Ayam",
              "ExtraOutputFields": {},
              "Min": null,
              "Max": null,
              "Applied": false,
              "Count": 39,
              "Statement": null,
              "DisplayCoachMarks": false
            },
            {
              "Name": "AYAM",
              "Term": "AYAM",
              "ExtraOutputFields": {},
              "Min": null,
              "Max": null,
              "Applied": false,
              "Count": 2,
              "Statement": null,
              "DisplayCoachMarks": false
            },
            {
              "Name": "Azalea",
              "Term": "Azalea",
              "ExtraOutputFields": {},
              "Min": null,
              "Max": null,
              "Applied": false,
              "Count": 1,
              "Statement": null,
              "DisplayCoachMarks": false
            }
          ]
        },
        {
          "Alphabet": "B",
          "Filters": [
            {
              "Name": "B2",
              "Term": "B2",
              "ExtraOutputFields": {},
              "Min": null,
              "Max": null,
              "Applied": false,
              "Count": 2,
              "Statement": null,
              "DisplayCoachMarks": false
            },
            {
              "Name": "Babybel",
              "Term": "Babybel",
              "ExtraOutputFields": {},
              "Min": null,
              "Max": null,
              "Applied": false,
              "Count": 1,
              "Statement": null,
              "DisplayCoachMarks": false
            },
            {
              "Name": "Bakers",
              "Term": "Bakers",
              "ExtraOutputFields": {},
              "Min": null,
              "Max": null,
              "Applied": false,
              "Count": 2,
              "Statement": null,
              "DisplayCoachMarks": false
            },
            {
              "Name": "Bakers Finest",
              "Term": "Bakers Finest",
              "ExtraOutputFields": {},
              "Min": null,
              "Max": null,
              "Applied": false,
              "Count": 1,
              "Statement": null,
              "DisplayCoachMarks": false
            },
            {
              "Name": "Bambino",
              "Term": "Bambino",
              "ExtraOutputFields": {},
              "Min": null,
              "Max": null,
              "Applied": false,
              "Count": 1,
              "Statement": null,
              "DisplayCoachMarks": false
            },
            {
              "Name": "Barilla",
              "Term": "Barilla",
              "ExtraOutputFields": {},
              "Min": null,
              "Max": null,
              "Applied": false,
              "Count": 30,
              "Statement": null,
              "DisplayCoachMarks": false
            },
            {
              "Name": "Barkers",
              "Term": "Barkers",
              "ExtraOutputFields": {},
              "Min": null,
              "Max": null,
              "Applied": false,
              "Count": 9,
              "Statement": null,
              "DisplayCoachMarks": false
            },
            {
              "Name": "Barrs",
              "Term": "Barrs",
              "ExtraOutputFields": {},
              "Min": null,
              "Max": null,
              "Applied": false,
              "Count": 3,
              "Statement": null,
              "DisplayCoachMarks": false
            },
            {
              "Name": "Barrys",
              "Term": "Barrys",
              "ExtraOutputFields": {},
              "Min": null,
              "Max": null,
              "Applied": false,
              "Count": 1,
              "Statement": null,
              "DisplayCoachMarks": false
            },
            {
              "Name": "Bartons",
              "Term": "Bartons",
              "ExtraOutputFields": {},
              "Min": null,
              "Max": null,
              "Applied": false,
              "Count": 1,
              "Statement": null,
              "DisplayCoachMarks": false
            },
            {
              "Name": "Batchelors",
              "Term": "Batchelors",
              "ExtraOutputFields": {},
              "Min": null,
              "Max": null,
              "Applied": false,
              "Count": 2,
              "Statement": null,
              "DisplayCoachMarks": false
            },
            {
              "Name": "Baxter's",
              "Term": "Baxter's",
              "ExtraOutputFields": {},
              "Min": null,
              "Max": null,
              "Applied": false,
              "Count": 4,
              "Statement": null,
              "DisplayCoachMarks": false
            },
            {
              "Name": "Be Natural",
              "Term": "Be Natural",
              "ExtraOutputFields": {},
              "Min": null,
              "Max": null,
              "Applied": false,
              "Count": 3,
              "Statement": null,
              "DisplayCoachMarks": false
            },
            {
              "Name": "Beak & Sons",
              "Term": "Beak & Sons",
              "ExtraOutputFields": {},
              "Min": null,
              "Max": null,
              "Applied": false,
              "Count": 2,
              "Statement": null,
              "DisplayCoachMarks": false
            },
            {
              "Name": "Bean Ground & Drunk",
              "Term": "Bean Ground & Drunk",
              "ExtraOutputFields": {},
              "Min": null,
              "Max": null,
              "Applied": false,
              "Count": 2,
              "Statement": null,
              "DisplayCoachMarks": false
            },
            {
              "Name": "Bean Supreme",
              "Term": "Bean Supreme",
              "ExtraOutputFields": {},
              "Min": null,
              "Max": null,
              "Applied": false,
              "Count": 1,
              "Statement": null,
              "DisplayCoachMarks": false
            },
            {
              "Name": "Bee Products",
              "Term": "Bee Products",
              "ExtraOutputFields": {},
              "Min": null,
              "Max": null,
              "Applied": false,
              "Count": 1,
              "Statement": null,
              "DisplayCoachMarks": false
            },
            {
              "Name": "Bee Vital",
              "Term": "Bee Vital",
              "ExtraOutputFields": {},
              "Min": null,
              "Max": null,
              "Applied": false,
              "Count": 1,
              "Statement": null,
              "DisplayCoachMarks": false
            },
            {
              "Name": "Beechworth",
              "Term": "Beechworth",
              "ExtraOutputFields": {},
              "Min": null,
              "Max": null,
              "Applied": false,
              "Count": 6,
              "Statement": null,
              "DisplayCoachMarks": false
            },
            {
              "Name": "Beerenberg",
              "Term": "Beerenberg",
              "ExtraOutputFields": {},
              "Min": null,
              "Max": null,
              "Applied": false,
              "Count": 16,
              "Statement": null,
              "DisplayCoachMarks": false
            },
            {
              "Name": "Bega",
              "Term": "Bega",
              "ExtraOutputFields": {},
              "Min": null,
              "Max": null,
              "Applied": false,
              "Count": 29,
              "Statement": null,
              "DisplayCoachMarks": false
            },
            {
              "Name": "Beigel & Beigel",
              "Term": "Beigel & Beigel",
              "ExtraOutputFields": {},
              "Min": null,
              "Max": null,
              "Applied": false,
              "Count": 1,
              "Statement": null,
              "DisplayCoachMarks": false
            },
            {
              "Name": "Bellis",
              "Term": "Bellis",
              "ExtraOutputFields": {},
              "Min": null,
              "Max": null,
              "Applied": false,
              "Count": 1,
              "Statement": null,
              "DisplayCoachMarks": false
            },
            {
              "Name": "Belvita",
              "Term": "Belvita",
              "ExtraOutputFields": {},
              "Min": null,
              "Max": null,
              "Applied": false,
              "Count": 8,
              "Statement": null,
              "DisplayCoachMarks": false
            },
            {
              "Name": "Benedikt",
              "Term": "Benedikt",
              "ExtraOutputFields": {},
              "Min": null,
              "Max": null,
              "Applied": false,
              "Count": 1,
              "Statement": null,
              "DisplayCoachMarks": false
            },
            {
              "Name": "Berri",
              "Term": "Berri",
              "ExtraOutputFields": {},
              "Min": null,
              "Max": null,
              "Applied": false,
              "Count": 2,
              "Statement": null,
              "DisplayCoachMarks": false
            },
            {
              "Name": "Berry Nice",
              "Term": "Berry Nice",
              "ExtraOutputFields": {},
              "Min": null,
              "Max": null,
              "Applied": false,
              "Count": 1,
              "Statement": null,
              "DisplayCoachMarks": false
            },
            {
              "Name": "Bertolli",
              "Term": "Bertolli",
              "ExtraOutputFields": {},
              "Min": null,
              "Max": null,
              "Applied": false,
              "Count": 5,
              "Statement": null,
              "DisplayCoachMarks": false
            },
            {
              "Name": "Best Foods",
              "Term": "Best Foods",
              "ExtraOutputFields": {},
              "Min": null,
              "Max": null,
              "Applied": false,
              "Count": 2,
              "Statement": null,
              "DisplayCoachMarks": false
            },
            {
              "Name": "Betty Crocker",
              "Term": "Betty Crocker",
              "ExtraOutputFields": {},
              "Min": null,
              "Max": null,
              "Applied": false,
              "Count": 26,
              "Statement": null,
              "DisplayCoachMarks": false
            },
            {
              "Name": "Bhuja",
              "Term": "Bhuja",
              "ExtraOutputFields": {},
              "Min": null,
              "Max": null,
              "Applied": false,
              "Count": 5,
              "Statement": null,
              "DisplayCoachMarks": false
            },
            {
              "Name": "Bickford's",
              "Term": "Bickford's",
              "ExtraOutputFields": {},
              "Min": null,
              "Max": null,
              "Applied": false,
              "Count": 1,
              "Statement": null,
              "DisplayCoachMarks": false
            },
            {
              "Name": "Bikano",
              "Term": "Bikano",
              "ExtraOutputFields": {},
              "Min": null,
              "Max": null,
              "Applied": false,
              "Count": 4,
              "Statement": null,
              "DisplayCoachMarks": false
            },
            {
              "Name": "Billy Tea",
              "Term": "Billy Tea",
              "ExtraOutputFields": {},
              "Min": null,
              "Max": null,
              "Applied": false,
              "Count": 1,
              "Statement": null,
              "DisplayCoachMarks": false
            },
            {
              "Name": "Birch & Waite",
              "Term": "Birch & Waite",
              "ExtraOutputFields": {},
              "Min": null,
              "Max": null,
              "Applied": false,
              "Count": 10,
              "Statement": null,
              "DisplayCoachMarks": false
            },
            {
              "Name": "Bisto",
              "Term": "Bisto",
              "ExtraOutputFields": {},
              "Min": null,
              "Max": null,
              "Applied": false,
              "Count": 3,
              "Statement": null,
              "DisplayCoachMarks": false
            },
            {
              "Name": "Black Knight",
              "Term": "Black Knight",
              "ExtraOutputFields": {},
              "Min": null,
              "Max": null,
              "Applied": false,
              "Count": 1,
              "Statement": null,
              "DisplayCoachMarks": false
            },
            {
              "Name": "Blu Gourmet",
              "Term": "Blu Gourmet",
              "ExtraOutputFields": {},
              "Min": null,
              "Max": null,
              "Applied": false,
              "Count": 1,
              "Statement": null,
              "DisplayCoachMarks": false
            },
            {
              "Name": "Blue",
              "Term": "Blue",
              "ExtraOutputFields": {},
              "Min": null,
              "Max": null,
              "Applied": false,
              "Count": 1,
              "Statement": null,
              "DisplayCoachMarks": false
            },
            {
              "Name": "Blue Dinosaur",
              "Term": "Blue Dinosaur",
              "ExtraOutputFields": {},
              "Min": null,
              "Max": null,
              "Applied": false,
              "Count": 5,
              "Statement": null,
              "DisplayCoachMarks": false
            },
            {
              "Name": "Blue M",
              "Term": "Blue M",
              "ExtraOutputFields": {},
              "Min": null,
              "Max": null,
              "Applied": false,
              "Count": 4,
              "Statement": null,
              "DisplayCoachMarks": false
            },
            {
              "Name": "Bluebird",
              "Term": "Bluebird",
              "ExtraOutputFields": {},
              "Min": null,
              "Max": null,
              "Applied": false,
              "Count": 4,
              "Statement": null,
              "DisplayCoachMarks": false
            },
            {
              "Name": "Bnei Darom",
              "Term": "Bnei Darom",
              "ExtraOutputFields": {},
              "Min": null,
              "Max": null,
              "Applied": false,
              "Count": 4,
              "Statement": null,
              "DisplayCoachMarks": false
            },
            {
              "Name": "Bokoma Pronutro",
              "Term": "Bokoma Pronutro",
              "ExtraOutputFields": {},
              "Min": null,
              "Max": null,
              "Applied": false,
              "Count": 2,
              "Statement": null,
              "DisplayCoachMarks": false
            },
            {
              "Name": "Bolands",
              "Term": "Bolands",
              "ExtraOutputFields": {},
              "Min": null,
              "Max": null,
              "Applied": false,
              "Count": 1,
              "Statement": null,
              "DisplayCoachMarks": false
            },
            {
              "Name": "Bonne Maman",
              "Term": "Bonne Maman",
              "ExtraOutputFields": {},
              "Min": null,
              "Max": null,
              "Applied": false,
              "Count": 6,
              "Statement": null,
              "DisplayCoachMarks": false
            },
            {
              "Name": "Bonox",
              "Term": "Bonox",
              "ExtraOutputFields": {},
              "Min": null,
              "Max": null,
              "Applied": false,
              "Count": 1,
              "Statement": null,
              "DisplayCoachMarks": false
            },
            {
              "Name": "Bonvit",
              "Term": "Bonvit",
              "ExtraOutputFields": {},
              "Min": null,
              "Max": null,
              "Applied": false,
              "Count": 1,
              "Statement": null,
              "DisplayCoachMarks": false
            },
            {
              "Name": "Bounty",
              "Term": "Bounty",
              "ExtraOutputFields": {},
              "Min": null,
              "Max": null,
              "Applied": false,
              "Count": 1,
              "Statement": null,
              "DisplayCoachMarks": false
            },
            {
              "Name": "Braggs",
              "Term": "Braggs",
              "ExtraOutputFields": {},
              "Min": null,
              "Max": null,
              "Applied": false,
              "Count": 1,
              "Statement": null,
              "DisplayCoachMarks": false
            },
            {
              "Name": "Branston",
              "Term": "Branston",
              "ExtraOutputFields": {},
              "Min": null,
              "Max": null,
              "Applied": false,
              "Count": 2,
              "Statement": null,
              "DisplayCoachMarks": false
            },
            {
              "Name": "Britannia",
              "Term": "Britannia",
              "ExtraOutputFields": {},
              "Min": null,
              "Max": null,
              "Applied": false,
              "Count": 8,
              "Statement": null,
              "DisplayCoachMarks": false
            },
            {
              "Name": "Brooke Bond",
              "Term": "Brooke Bond",
              "ExtraOutputFields": {},
              "Min": null,
              "Max": null,
              "Applied": false,
              "Count": 2,
              "Statement": null,
              "DisplayCoachMarks": false
            },
            {
              "Name": "Broth & Co",
              "Term": "Broth & Co",
              "ExtraOutputFields": {},
              "Min": null,
              "Max": null,
              "Applied": false,
              "Count": 2,
              "Statement": null,
              "DisplayCoachMarks": false
            },
            {
              "Name": "Bru",
              "Term": "Bru",
              "ExtraOutputFields": {},
              "Min": null,
              "Max": null,
              "Applied": false,
              "Count": 1,
              "Statement": null,
              "DisplayCoachMarks": false
            },
            {
              "Name": "Brunswick",
              "Term": "Brunswick",
              "ExtraOutputFields": {},
              "Min": null,
              "Max": null,
              "Applied": false,
              "Count": 6,
              "Statement": null,
              "DisplayCoachMarks": false
            },
            {
              "Name": "Buderim",
              "Term": "Buderim",
              "ExtraOutputFields": {},
              "Min": null,
              "Max": null,
              "Applied": false,
              "Count": 5,
              "Statement": null,
              "DisplayCoachMarks": false
            },
            {
              "Name": "Buderim Ginger Limited",
              "Term": "Buderim Ginger Limited",
              "ExtraOutputFields": {},
              "Min": null,
              "Max": null,
              "Applied": false,
              "Count": 1,
              "Statement": null,
              "DisplayCoachMarks": false
            },
            {
              "Name": "Buitoni",
              "Term": "Buitoni",
              "ExtraOutputFields": {},
              "Min": null,
              "Max": null,
              "Applied": false,
              "Count": 1,
              "Statement": null,
              "DisplayCoachMarks": false
            },
            {
              "Name": "Bull's-Eye",
              "Term": "Bull's-Eye",
              "ExtraOutputFields": {},
              "Min": null,
              "Max": null,
              "Applied": false,
              "Count": 3,
              "Statement": null,
              "DisplayCoachMarks": false
            },
            {
              "Name": "Buontempo",
              "Term": "Buontempo",
              "ExtraOutputFields": {},
              "Min": null,
              "Max": null,
              "Applied": false,
              "Count": 3,
              "Statement": null,
              "DisplayCoachMarks": false
            },
            {
              "Name": "Burger Rings",
              "Term": "Burger Rings",
              "ExtraOutputFields": {},
              "Min": null,
              "Max": null,
              "Applied": false,
              "Count": 2,
              "Statement": null,
              "DisplayCoachMarks": false
            },
            {
              "Name": "Bushells",
              "Term": "Bushells",
              "ExtraOutputFields": {},
              "Min": null,
              "Max": null,
              "Applied": false,
              "Count": 9,
              "Statement": null,
              "DisplayCoachMarks": false
            },
            {
              "Name": "Byron",
              "Term": "Byron",
              "ExtraOutputFields": {},
              "Min": null,
              "Max": null,
              "Applied": false,
              "Count": 5,
              "Statement": null,
              "DisplayCoachMarks": false
            },
            {
              "Name": "Byron Bay",
              "Term": "Byron Bay",
              "ExtraOutputFields": {},
              "Min": null,
              "Max": null,
              "Applied": false,
              "Count": 1,
              "Statement": null,
              "DisplayCoachMarks": false
            },
            {
              "Name": "Byron Bay Chilli Co.",
              "Term": "Byron Bay Chilli Co.",
              "ExtraOutputFields": {},
              "Min": null,
              "Max": null,
              "Applied": false,
              "Count": 3,
              "Statement": null,
              "DisplayCoachMarks": false
            },
            {
              "Name": "Byron Bay Cookies",
              "Term": "Byron Bay Cookies",
              "ExtraOutputFields": {},
              "Min": null,
              "Max": null,
              "Applied": false,
              "Count": 9,
              "Statement": null,
              "DisplayCoachMarks": false
            }
          ]
        },
        {
          "Alphabet": "C",
          "Filters": [
            {
              "Name": "Cadbury",
              "Term": "Cadbury",
              "ExtraOutputFields": {},
              "Min": null,
              "Max": null,
              "Applied": false,
              "Count": 133,
              "Statement": null,
              "DisplayCoachMarks": false
            },
            {
              "Name": "Caffe Aurora",
              "Term": "Caffe Aurora",
              "ExtraOutputFields": {},
              "Min": null,
              "Max": null,
              "Applied": false,
              "Count": 8,
              "Statement": null,
              "DisplayCoachMarks": false
            },
            {
              "Name": "Calbee",
              "Term": "Calbee",
              "ExtraOutputFields": {},
              "Min": null,
              "Max": null,
              "Applied": false,
              "Count": 14,
              "Statement": null,
              "DisplayCoachMarks": false
            },
            {
              "Name": "Campbell's",
              "Term": "Campbell's",
              "ExtraOutputFields": {},
              "Min": null,
              "Max": null,
              "Applied": false,
              "Count": 43,
              "Statement": null,
              "DisplayCoachMarks": false
            },
            {
              "Name": "Campos",
              "Term": "Campos",
              "ExtraOutputFields": {},
              "Min": null,
              "Max": null,
              "Applied": false,
              "Count": 3,
              "Statement": null,
              "DisplayCoachMarks": false
            },
            {
              "Name": "Capilano",
              "Term": "Capilano",
              "ExtraOutputFields": {},
              "Min": null,
              "Max": null,
              "Applied": false,
              "Count": 20,
              "Statement": null,
              "DisplayCoachMarks": false
            },
            {
              "Name": "Captain's Table",
              "Term": "Captain's Table",
              "ExtraOutputFields": {},
              "Min": null,
              "Max": null,
              "Applied": false,
              "Count": 7,
              "Statement": null,
              "DisplayCoachMarks": false
            },
            {
              "Name": "Carbonell",
              "Term": "Carbonell",
              "ExtraOutputFields": {},
              "Min": null,
              "Max": null,
              "Applied": false,
              "Count": 7,
              "Statement": null,
              "DisplayCoachMarks": false
            },
            {
              "Name": "Carman's",
              "Term": "Carman's",
              "ExtraOutputFields": {},
              "Min": null,
              "Max": null,
              "Applied": false,
              "Count": 61,
              "Statement": null,
              "DisplayCoachMarks": false
            },
            {
              "Name": "Castania",
              "Term": "Castania",
              "ExtraOutputFields": {},
              "Min": null,
              "Max": null,
              "Applied": false,
              "Count": 1,
              "Statement": null,
              "DisplayCoachMarks": false
            },
            {
              "Name": "CC's",
              "Term": "CC's",
              "ExtraOutputFields": {},
              "Min": null,
              "Max": null,
              "Applied": false,
              "Count": 3,
              "Statement": null,
              "DisplayCoachMarks": false
            },
            {
              "Name": "Celestial",
              "Term": "Celestial",
              "ExtraOutputFields": {},
              "Min": null,
              "Max": null,
              "Applied": false,
              "Count": 1,
              "Statement": null,
              "DisplayCoachMarks": false
            },
            {
              "Name": "Ceres",
              "Term": "Ceres",
              "ExtraOutputFields": {},
              "Min": null,
              "Max": null,
              "Applied": false,
              "Count": 28,
              "Statement": null,
              "DisplayCoachMarks": false
            },
            {
              "Name": "Chacheer",
              "Term": "Chacheer",
              "ExtraOutputFields": {},
              "Min": null,
              "Max": null,
              "Applied": false,
              "Count": 1,
              "Statement": null,
              "DisplayCoachMarks": false
            },
            {
              "Name": "Champion",
              "Term": "Champion",
              "ExtraOutputFields": {},
              "Min": null,
              "Max": null,
              "Applied": false,
              "Count": 1,
              "Statement": null,
              "DisplayCoachMarks": false
            },
            {
              "Name": "Chang's",
              "Term": "Chang's",
              "ExtraOutputFields": {},
              "Min": null,
              "Max": null,
              "Applied": false,
              "Count": 11,
              "Statement": null,
              "DisplayCoachMarks": false
            },
            {
              "Name": "Chanukah",
              "Term": "Chanukah",
              "ExtraOutputFields": {},
              "Min": null,
              "Max": null,
              "Applied": false,
              "Count": 1,
              "Statement": null,
              "DisplayCoachMarks": false
            },
            {
              "Name": "Chaokoh",
              "Term": "Chaokoh",
              "ExtraOutputFields": {},
              "Min": null,
              "Max": null,
              "Applied": false,
              "Count": 1,
              "Statement": null,
              "DisplayCoachMarks": false
            },
            {
              "Name": "Cheetos",
              "Term": "Cheetos",
              "ExtraOutputFields": {},
              "Min": null,
              "Max": null,
              "Applied": false,
              "Count": 4,
              "Statement": null,
              "DisplayCoachMarks": false
            },
            {
              "Name": "Cheezels",
              "Term": "Cheezels",
              "ExtraOutputFields": {},
              "Min": null,
              "Max": null,
              "Applied": false,
              "Count": 2,
              "Statement": null,
              "DisplayCoachMarks": false
            },
            {
              "Name": "Chef",
              "Term": "Chef",
              "ExtraOutputFields": {},
              "Min": null,
              "Max": null,
              "Applied": false,
              "Count": 1,
              "Statement": null,
              "DisplayCoachMarks": false
            },
            {
              "Name": "Chef's Choice",
              "Term": "Chef's Choice",
              "ExtraOutputFields": {},
              "Min": null,
              "Max": null,
              "Applied": false,
              "Count": 4,
              "Statement": null,
              "DisplayCoachMarks": false
            },
            {
              "Name": "Chef's World",
              "Term": "Chef's World",
              "ExtraOutputFields": {},
              "Min": null,
              "Max": null,
              "Applied": false,
              "Count": 1,
              "Statement": null,
              "DisplayCoachMarks": false
            },
            {
              "Name": "Chicken Tonight",
              "Term": "Chicken Tonight",
              "ExtraOutputFields": {},
              "Min": null,
              "Max": null,
              "Applied": false,
              "Count": 7,
              "Statement": null,
              "DisplayCoachMarks": false
            },
            {
              "Name": "Chocolatier",
              "Term": "Chocolatier",
              "ExtraOutputFields": {},
              "Min": null,
              "Max": null,
              "Applied": false,
              "Count": 2,
              "Statement": null,
              "DisplayCoachMarks": false
            },
            {
              "Name": "Choice",
              "Term": "Choice",
              "ExtraOutputFields": {},
              "Min": null,
              "Max": null,
              "Applied": false,
              "Count": 7,
              "Statement": null,
              "DisplayCoachMarks": false
            },
            {
              "Name": "Cholula",
              "Term": "Cholula",
              "ExtraOutputFields": {},
              "Min": null,
              "Max": null,
              "Applied": false,
              "Count": 1,
              "Statement": null,
              "DisplayCoachMarks": false
            },
            {
              "Name": "Chupa Chups",
              "Term": "Chupa Chups",
              "ExtraOutputFields": {},
              "Min": null,
              "Max": null,
              "Applied": false,
              "Count": 8,
              "Statement": null,
              "DisplayCoachMarks": false
            },
            {
              "Name": "Clive Of India",
              "Term": "Clive Of India",
              "ExtraOutputFields": {},
              "Min": null,
              "Max": null,
              "Applied": false,
              "Count": 2,
              "Statement": null,
              "DisplayCoachMarks": false
            },
            {
              "Name": "Cloverdale",
              "Term": "Cloverdale",
              "ExtraOutputFields": {},
              "Min": null,
              "Max": null,
              "Applied": false,
              "Count": 4,
              "Statement": null,
              "DisplayCoachMarks": false
            },
            {
              "Name": "Cobram Estate",
              "Term": "Cobram Estate",
              "ExtraOutputFields": {},
              "Min": null,
              "Max": null,
              "Applied": false,
              "Count": 15,
              "Statement": null,
              "DisplayCoachMarks": false
            },
            {
              "Name": "Cobs",
              "Term": "Cobs",
              "ExtraOutputFields": {},
              "Min": null,
              "Max": null,
              "Applied": false,
              "Count": 14,
              "Statement": null,
              "DisplayCoachMarks": false
            },
            {
              "Name": "Coca-Cola",
              "Term": "Coca-Cola",
              "ExtraOutputFields": {},
              "Min": null,
              "Max": null,
              "Applied": false,
              "Count": 1,
              "Statement": null,
              "DisplayCoachMarks": false
            },
            {
              "Name": "Cockatoo Grove",
              "Term": "Cockatoo Grove",
              "ExtraOutputFields": {},
              "Min": null,
              "Max": null,
              "Applied": false,
              "Count": 1,
              "Statement": null,
              "DisplayCoachMarks": false
            },
            {
              "Name": "Coco Earth",
              "Term": "Coco Earth",
              "ExtraOutputFields": {},
              "Min": null,
              "Max": null,
              "Applied": false,
              "Count": 9,
              "Statement": null,
              "DisplayCoachMarks": false
            },
            {
              "Name": "Cocolife",
              "Term": "Cocolife",
              "ExtraOutputFields": {},
              "Min": null,
              "Max": null,
              "Applied": false,
              "Count": 3,
              "Statement": null,
              "DisplayCoachMarks": false
            },
            {
              "Name": "Colavita",
              "Term": "Colavita",
              "ExtraOutputFields": {},
              "Min": null,
              "Max": null,
              "Applied": false,
              "Count": 2,
              "Statement": null,
              "DisplayCoachMarks": false
            },
            {
              "Name": "Colmans",
              "Term": "Colmans",
              "ExtraOutputFields": {},
              "Min": null,
              "Max": null,
              "Applied": false,
              "Count": 1,
              "Statement": null,
              "DisplayCoachMarks": false
            },
            {
              "Name": "Conimex",
              "Term": "Conimex",
              "ExtraOutputFields": {},
              "Min": null,
              "Max": null,
              "Applied": false,
              "Count": 2,
              "Statement": null,
              "DisplayCoachMarks": false
            },
            {
              "Name": "Connect Foods",
              "Term": "Connect Foods",
              "ExtraOutputFields": {},
              "Min": null,
              "Max": null,
              "Applied": false,
              "Count": 13,
              "Statement": null,
              "DisplayCoachMarks": false
            },
            {
              "Name": "Continental",
              "Term": "Continental",
              "ExtraOutputFields": {},
              "Min": null,
              "Max": null,
              "Applied": false,
              "Count": 115,
              "Statement": null,
              "DisplayCoachMarks": false
            },
            {
              "Name": "Cook",
              "Term": "Cook",
              "ExtraOutputFields": {},
              "Min": null,
              "Max": null,
              "Applied": false,
              "Count": 1,
              "Statement": null,
              "DisplayCoachMarks": false
            },
            {
              "Name": "Cool Pak",
              "Term": "Cool Pak",
              "ExtraOutputFields": {},
              "Min": null,
              "Max": null,
              "Applied": false,
              "Count": 2,
              "Statement": null,
              "DisplayCoachMarks": false
            },
            {
              "Name": "Cornwell's",
              "Term": "Cornwell's",
              "ExtraOutputFields": {},
              "Min": null,
              "Max": null,
              "Applied": false,
              "Count": 10,
              "Statement": null,
              "DisplayCoachMarks": false
            },
            {
              "Name": "Cortas",
              "Term": "Cortas",
              "ExtraOutputFields": {},
              "Min": null,
              "Max": null,
              "Applied": false,
              "Count": 1,
              "Statement": null,
              "DisplayCoachMarks": false
            },
            {
              "Name": "Cottee's",
              "Term": "Cottee's",
              "ExtraOutputFields": {},
              "Min": null,
              "Max": null,
              "Applied": false,
              "Count": 16,
              "Statement": null,
              "DisplayCoachMarks": false
            },
            {
              "Name": "Country Life",
              "Term": "Country Life",
              "ExtraOutputFields": {},
              "Min": null,
              "Max": null,
              "Applied": false,
              "Count": 2,
              "Statement": null,
              "DisplayCoachMarks": false
            },
            {
              "Name": "Creative Kitchen",
              "Term": "Creative Kitchen",
              "ExtraOutputFields": {},
              "Min": null,
              "Max": null,
              "Applied": false,
              "Count": 4,
              "Statement": null,
              "DisplayCoachMarks": false
            },
            {
              "Name": "CREATIVE KITCHEN",
              "Term": "CREATIVE KITCHEN",
              "ExtraOutputFields": {},
              "Min": null,
              "Max": null,
              "Applied": false,
              "Count": 1,
              "Statement": null,
              "DisplayCoachMarks": false
            },
            {
              "Name": "Crisco",
              "Term": "Crisco",
              "ExtraOutputFields": {},
              "Min": null,
              "Max": null,
              "Applied": false,
              "Count": 5,
              "Statement": null,
              "DisplayCoachMarks": false
            },
            {
              "Name": "Crosse & Blackwell",
              "Term": "Crosse & Blackwell",
              "ExtraOutputFields": {},
              "Min": null,
              "Max": null,
              "Applied": false,
              "Count": 1,
              "Statement": null,
              "DisplayCoachMarks": false
            },
            {
              "Name": "Crouton Caravan",
              "Term": "Crouton Caravan",
              "ExtraOutputFields": {},
              "Min": null,
              "Max": null,
              "Applied": false,
              "Count": 1,
              "Statement": null,
              "DisplayCoachMarks": false
            },
            {
              "Name": "CSR",
              "Term": "CSR",
              "ExtraOutputFields": {},
              "Min": null,
              "Max": null,
              "Applied": false,
              "Count": 31,
              "Statement": null,
              "DisplayCoachMarks": false
            }
          ]
        },
        {
          "Alphabet": "D",
          "Filters": [
            {
              "Name": "Dairyland",
              "Term": "Dairyland",
              "ExtraOutputFields": {},
              "Min": null,
              "Max": null,
              "Applied": false,
              "Count": 1,
              "Statement": null,
              "DisplayCoachMarks": false
            },
            {
              "Name": "Dairylea",
              "Term": "Dairylea",
              "ExtraOutputFields": {},
              "Min": null,
              "Max": null,
              "Applied": false,
              "Count": 3,
              "Statement": null,
              "DisplayCoachMarks": false
            },
            {
              "Name": "Dairyworks",
              "Term": "Dairyworks",
              "ExtraOutputFields": {},
              "Min": null,
              "Max": null,
              "Applied": false,
              "Count": 1,
              "Statement": null,
              "DisplayCoachMarks": false
            },
            {
              "Name": "Damla",
              "Term": "Damla",
              "ExtraOutputFields": {},
              "Min": null,
              "Max": null,
              "Applied": false,
              "Count": 1,
              "Statement": null,
              "DisplayCoachMarks": false
            },
            {
              "Name": "Darrell Lea",
              "Term": "Darrell Lea",
              "ExtraOutputFields": {},
              "Min": null,
              "Max": null,
              "Applied": false,
              "Count": 33,
              "Statement": null,
              "DisplayCoachMarks": false
            },
            {
              "Name": "Deep Cove",
              "Term": "Deep Cove",
              "ExtraOutputFields": {},
              "Min": null,
              "Max": null,
              "Applied": false,
              "Count": 5,
              "Statement": null,
              "DisplayCoachMarks": false
            },
            {
              "Name": "Defiance",
              "Term": "Defiance",
              "ExtraOutputFields": {},
              "Min": null,
              "Max": null,
              "Applied": false,
              "Count": 1,
              "Statement": null,
              "DisplayCoachMarks": false
            },
            {
              "Name": "Deliciou",
              "Term": "Deliciou",
              "ExtraOutputFields": {},
              "Min": null,
              "Max": null,
              "Applied": false,
              "Count": 1,
              "Statement": null,
              "DisplayCoachMarks": false
            },
            {
              "Name": "Delta Chicco D'Oro",
              "Term": "Delta Chicco D'Oro",
              "ExtraOutputFields": {},
              "Min": null,
              "Max": null,
              "Applied": false,
              "Count": 2,
              "Statement": null,
              "DisplayCoachMarks": false
            },
            {
              "Name": "Deruiter",
              "Term": "Deruiter",
              "ExtraOutputFields": {},
              "Min": null,
              "Max": null,
              "Applied": false,
              "Count": 1,
              "Statement": null,
              "DisplayCoachMarks": false
            },
            {
              "Name": "Devondale",
              "Term": "Devondale",
              "ExtraOutputFields": {},
              "Min": null,
              "Max": null,
              "Applied": false,
              "Count": 4,
              "Statement": null,
              "DisplayCoachMarks": false
            },
            {
              "Name": "Dhara",
              "Term": "Dhara",
              "ExtraOutputFields": {},
              "Min": null,
              "Max": null,
              "Applied": false,
              "Count": 1,
              "Statement": null,
              "DisplayCoachMarks": false
            },
            {
              "Name": "Diet Rite",
              "Term": "Diet Rite",
              "ExtraOutputFields": {},
              "Min": null,
              "Max": null,
              "Applied": false,
              "Count": 1,
              "Statement": null,
              "DisplayCoachMarks": false
            },
            {
              "Name": "Dilmah",
              "Term": "Dilmah",
              "ExtraOutputFields": {},
              "Min": null,
              "Max": null,
              "Applied": false,
              "Count": 9,
              "Statement": null,
              "DisplayCoachMarks": false
            },
            {
              "Name": "Dinner Winner",
              "Term": "Dinner Winner",
              "ExtraOutputFields": {},
              "Min": null,
              "Max": null,
              "Applied": false,
              "Count": 1,
              "Statement": null,
              "DisplayCoachMarks": false
            },
            {
              "Name": "Disney",
              "Term": "Disney",
              "ExtraOutputFields": {},
              "Min": null,
              "Max": null,
              "Applied": false,
              "Count": 1,
              "Statement": null,
              "DisplayCoachMarks": false
            },
            {
              "Name": "D'lish",
              "Term": "D'lish",
              "ExtraOutputFields": {},
              "Min": null,
              "Max": null,
              "Applied": false,
              "Count": 6,
              "Statement": null,
              "DisplayCoachMarks": false
            },
            {
              "Name": "Do Good Labs",
              "Term": "Do Good Labs",
              "ExtraOutputFields": {},
              "Min": null,
              "Max": null,
              "Applied": false,
              "Count": 2,
              "Statement": null,
              "DisplayCoachMarks": false
            },
            {
              "Name": "Doldori",
              "Term": "Doldori",
              "ExtraOutputFields": {},
              "Min": null,
              "Max": null,
              "Applied": false,
              "Count": 1,
              "Statement": null,
              "DisplayCoachMarks": false
            },
            {
              "Name": "Dole",
              "Term": "Dole",
              "ExtraOutputFields": {},
              "Min": null,
              "Max": null,
              "Applied": false,
              "Count": 11,
              "Statement": null,
              "DisplayCoachMarks": false
            },
            {
              "Name": "Dollar Sweets",
              "Term": "Dollar Sweets",
              "ExtraOutputFields": {},
              "Min": null,
              "Max": null,
              "Applied": false,
              "Count": 32,
              "Statement": null,
              "DisplayCoachMarks": false
            },
            {
              "Name": "DOLLAR SWEETS",
              "Term": "DOLLAR SWEETS",
              "ExtraOutputFields": {},
              "Min": null,
              "Max": null,
              "Applied": false,
              "Count": 2,
              "Statement": null,
              "DisplayCoachMarks": false
            },
            {
              "Name": "Dolmio",
              "Term": "Dolmio",
              "ExtraOutputFields": {},
              "Min": null,
              "Max": null,
              "Applied": false,
              "Count": 22,
              "Statement": null,
              "DisplayCoachMarks": false
            },
            {
              "Name": "Don Antonio",
              "Term": "Don Antonio",
              "ExtraOutputFields": {},
              "Min": null,
              "Max": null,
              "Applied": false,
              "Count": 5,
              "Statement": null,
              "DisplayCoachMarks": false
            },
            {
              "Name": "Donna Hay",
              "Term": "Donna Hay",
              "ExtraOutputFields": {},
              "Min": null,
              "Max": null,
              "Applied": false,
              "Count": 5,
              "Statement": null,
              "DisplayCoachMarks": false
            },
            {
              "Name": "Doree",
              "Term": "Doree",
              "ExtraOutputFields": {},
              "Min": null,
              "Max": null,
              "Applied": false,
              "Count": 2,
              "Statement": null,
              "DisplayCoachMarks": false
            },
            {
              "Name": "Doritos",
              "Term": "Doritos",
              "ExtraOutputFields": {},
              "Min": null,
              "Max": null,
              "Applied": false,
              "Count": 14,
              "Statement": null,
              "DisplayCoachMarks": false
            },
            {
              "Name": "Dorset",
              "Term": "Dorset",
              "ExtraOutputFields": {},
              "Min": null,
              "Max": null,
              "Applied": false,
              "Count": 2,
              "Statement": null,
              "DisplayCoachMarks": false
            },
            {
              "Name": "Double D",
              "Term": "Double D",
              "ExtraOutputFields": {},
              "Min": null,
              "Max": null,
              "Applied": false,
              "Count": 5,
              "Statement": null,
              "DisplayCoachMarks": false
            },
            {
              "Name": "Double Pheonix",
              "Term": "Double Pheonix",
              "ExtraOutputFields": {},
              "Min": null,
              "Max": null,
              "Applied": false,
              "Count": 2,
              "Statement": null,
              "DisplayCoachMarks": false
            },
            {
              "Name": "Double Phoenix",
              "Term": "Double Phoenix",
              "ExtraOutputFields": {},
              "Min": null,
              "Max": null,
              "Applied": false,
              "Count": 2,
              "Statement": null,
              "DisplayCoachMarks": false
            },
            {
              "Name": "Dr Pepper",
              "Term": "Dr Pepper",
              "ExtraOutputFields": {},
              "Min": null,
              "Max": null,
              "Applied": false,
              "Count": 1,
              "Statement": null,
              "DisplayCoachMarks": false
            },
            {
              "Name": "Dr. Oetker",
              "Term": "Dr. Oetker",
              "ExtraOutputFields": {},
              "Min": null,
              "Max": null,
              "Applied": false,
              "Count": 5,
              "Statement": null,
              "DisplayCoachMarks": false
            },
            {
              "Name": "Dragon And Phoenix",
              "Term": "Dragon And Phoenix",
              "ExtraOutputFields": {},
              "Min": null,
              "Max": null,
              "Applied": false,
              "Count": 1,
              "Statement": null,
              "DisplayCoachMarks": false
            },
            {
              "Name": "Drava",
              "Term": "Drava",
              "ExtraOutputFields": {},
              "Min": null,
              "Max": null,
              "Applied": false,
              "Count": 1,
              "Statement": null,
              "DisplayCoachMarks": false
            },
            {
              "Name": "Dutch Bakehouse",
              "Term": "Dutch Bakehouse",
              "ExtraOutputFields": {},
              "Min": null,
              "Max": null,
              "Applied": false,
              "Count": 1,
              "Statement": null,
              "DisplayCoachMarks": false
            }
          ]
        },
        {
          "Alphabet": "E",
          "Filters": [
            {
              "Name": "Eagle Coin",
              "Term": "Eagle Coin",
              "ExtraOutputFields": {},
              "Min": null,
              "Max": null,
              "Applied": false,
              "Count": 1,
              "Statement": null,
              "DisplayCoachMarks": false
            },
            {
              "Name": "Eatrite",
              "Term": "Eatrite",
              "ExtraOutputFields": {},
              "Min": null,
              "Max": null,
              "Applied": false,
              "Count": 1,
              "Statement": null,
              "DisplayCoachMarks": false
            },
            {
              "Name": "EBM",
              "Term": "EBM",
              "ExtraOutputFields": {},
              "Min": null,
              "Max": null,
              "Applied": false,
              "Count": 1,
              "Statement": null,
              "DisplayCoachMarks": false
            },
            {
              "Name": "Eclipse",
              "Term": "Eclipse",
              "ExtraOutputFields": {},
              "Min": null,
              "Max": null,
              "Applied": false,
              "Count": 13,
              "Statement": null,
              "DisplayCoachMarks": false
            },
            {
              "Name": "ECS Botanics",
              "Term": "ECS Botanics",
              "ExtraOutputFields": {},
              "Min": null,
              "Max": null,
              "Applied": false,
              "Count": 3,
              "Statement": null,
              "DisplayCoachMarks": false
            },
            {
              "Name": "Edens",
              "Term": "Edens",
              "ExtraOutputFields": {},
              "Min": null,
              "Max": null,
              "Applied": false,
              "Count": 1,
              "Statement": null,
              "DisplayCoachMarks": false
            },
            {
              "Name": "Edgell",
              "Term": "Edgell",
              "ExtraOutputFields": {},
              "Min": null,
              "Max": null,
              "Applied": false,
              "Count": 37,
              "Statement": null,
              "DisplayCoachMarks": false
            },
            {
              "Name": "EDGELL",
              "Term": "EDGELL",
              "ExtraOutputFields": {},
              "Min": null,
              "Max": null,
              "Applied": false,
              "Count": 2,
              "Statement": null,
              "DisplayCoachMarks": false
            },
            {
              "Name": "Elite",
              "Term": "Elite",
              "ExtraOutputFields": {},
              "Min": null,
              "Max": null,
              "Applied": false,
              "Count": 3,
              "Statement": null,
              "DisplayCoachMarks": false
            },
            {
              "Name": "Eloments",
              "Term": "Eloments",
              "ExtraOutputFields": {},
              "Min": null,
              "Max": null,
              "Applied": false,
              "Count": 2,
              "Statement": null,
              "DisplayCoachMarks": false
            },
            {
              "Name": "EM Wholefoods",
              "Term": "EM Wholefoods",
              "ExtraOutputFields": {},
              "Min": null,
              "Max": null,
              "Applied": false,
              "Count": 1,
              "Statement": null,
              "DisplayCoachMarks": false
            },
            {
              "Name": "Emma & Tom's",
              "Term": "Emma & Tom's",
              "ExtraOutputFields": {},
              "Min": null,
              "Max": null,
              "Applied": false,
              "Count": 4,
              "Statement": null,
              "DisplayCoachMarks": false
            },
            {
              "Name": "Equal",
              "Term": "Equal",
              "ExtraOutputFields": {},
              "Min": null,
              "Max": null,
              "Applied": false,
              "Count": 7,
              "Statement": null,
              "DisplayCoachMarks": false
            },
            {
              "Name": "Erawan",
              "Term": "Erawan",
              "ExtraOutputFields": {},
              "Min": null,
              "Max": null,
              "Applied": false,
              "Count": 6,
              "Statement": null,
              "DisplayCoachMarks": false
            },
            {
              "Name": "Eskal",
              "Term": "Eskal",
              "ExtraOutputFields": {},
              "Min": null,
              "Max": null,
              "Applied": false,
              "Count": 10,
              "Statement": null,
              "DisplayCoachMarks": false
            },
            {
              "Name": "Espressotoria",
              "Term": "Espressotoria",
              "ExtraOutputFields": {},
              "Min": null,
              "Max": null,
              "Applied": false,
              "Count": 7,
              "Statement": null,
              "DisplayCoachMarks": false
            },
            {
              "Name": "Essentials",
              "Term": "Essentials",
              "ExtraOutputFields": {},
              "Min": null,
              "Max": null,
              "Applied": false,
              "Count": 66,
              "Statement": null,
              "DisplayCoachMarks": false
            },
            {
              "Name": "Eta",
              "Term": "Eta",
              "ExtraOutputFields": {},
              "Min": null,
              "Max": null,
              "Applied": false,
              "Count": 2,
              "Statement": null,
              "DisplayCoachMarks": false
            },
            {
              "Name": "Eti",
              "Term": "Eti",
              "ExtraOutputFields": {},
              "Min": null,
              "Max": null,
              "Applied": false,
              "Count": 4,
              "Statement": null,
              "DisplayCoachMarks": false
            },
            {
              "Name": "Eurobisc",
              "Term": "Eurobisc",
              "ExtraOutputFields": {},
              "Min": null,
              "Max": null,
              "Applied": false,
              "Count": 1,
              "Statement": null,
              "DisplayCoachMarks": false
            },
            {
              "Name": "Europe",
              "Term": "Europe",
              "ExtraOutputFields": {},
              "Min": null,
              "Max": null,
              "Applied": false,
              "Count": 3,
              "Statement": null,
              "DisplayCoachMarks": false
            },
            {
              "Name": "Extra",
              "Term": "Extra",
              "ExtraOutputFields": {},
              "Min": null,
              "Max": null,
              "Applied": false,
              "Count": 19,
              "Statement": null,
              "DisplayCoachMarks": false
            }
          ]
        },
        {
          "Alphabet": "F",
          "Filters": [
            {
              "Name": "F. Whitlock & Sons",
              "Term": "F. Whitlock & Sons",
              "ExtraOutputFields": {},
              "Min": null,
              "Max": null,
              "Applied": false,
              "Count": 2,
              "Statement": null,
              "DisplayCoachMarks": false
            },
            {
              "Name": "Famous House",
              "Term": "Famous House",
              "ExtraOutputFields": {},
              "Min": null,
              "Max": null,
              "Applied": false,
              "Count": 4,
              "Statement": null,
              "DisplayCoachMarks": false
            },
            {
              "Name": "Fantastic",
              "Term": "Fantastic",
              "ExtraOutputFields": {},
              "Min": null,
              "Max": null,
              "Applied": false,
              "Count": 22,
              "Statement": null,
              "DisplayCoachMarks": false
            },
            {
              "Name": "Farmer Jo",
              "Term": "Farmer Jo",
              "ExtraOutputFields": {},
              "Min": null,
              "Max": null,
              "Applied": false,
              "Count": 6,
              "Statement": null,
              "DisplayCoachMarks": false
            },
            {
              "Name": "Farmers Co.",
              "Term": "Farmers Co.",
              "ExtraOutputFields": {},
              "Min": null,
              "Max": null,
              "Applied": false,
              "Count": 1,
              "Statement": null,
              "DisplayCoachMarks": false
            },
            {
              "Name": "Farmers Harvest",
              "Term": "Farmers Harvest",
              "ExtraOutputFields": {},
              "Min": null,
              "Max": null,
              "Applied": false,
              "Count": 3,
              "Statement": null,
              "DisplayCoachMarks": false
            },
            {
              "Name": "Farrows",
              "Term": "Farrows",
              "ExtraOutputFields": {},
              "Min": null,
              "Max": null,
              "Applied": false,
              "Count": 1,
              "Statement": null,
              "DisplayCoachMarks": false
            },
            {
              "Name": "Fehlbergs",
              "Term": "Fehlbergs",
              "ExtraOutputFields": {},
              "Min": null,
              "Max": null,
              "Applied": false,
              "Count": 13,
              "Statement": null,
              "DisplayCoachMarks": false
            },
            {
              "Name": "Ferrero",
              "Term": "Ferrero",
              "ExtraOutputFields": {},
              "Min": null,
              "Max": null,
              "Applied": false,
              "Count": 8,
              "Statement": null,
              "DisplayCoachMarks": false
            },
            {
              "Name": "Fibre One",
              "Term": "Fibre One",
              "ExtraOutputFields": {},
              "Min": null,
              "Max": null,
              "Applied": false,
              "Count": 7,
              "Statement": null,
              "DisplayCoachMarks": false
            },
            {
              "Name": "Fish Well",
              "Term": "Fish Well",
              "ExtraOutputFields": {},
              "Min": null,
              "Max": null,
              "Applied": false,
              "Count": 1,
              "Statement": null,
              "DisplayCoachMarks": false
            },
            {
              "Name": "Fisherman's Friend",
              "Term": "Fisherman's Friend",
              "ExtraOutputFields": {},
              "Min": null,
              "Max": null,
              "Applied": false,
              "Count": 3,
              "Statement": null,
              "DisplayCoachMarks": false
            },
            {
              "Name": "Five Tastes",
              "Term": "Five Tastes",
              "ExtraOutputFields": {},
              "Min": null,
              "Max": null,
              "Applied": false,
              "Count": 9,
              "Statement": null,
              "DisplayCoachMarks": false
            },
            {
              "Name": "Fizzer Faves",
              "Term": "Fizzer Faves",
              "ExtraOutputFields": {},
              "Min": null,
              "Max": null,
              "Applied": false,
              "Count": 1,
              "Statement": null,
              "DisplayCoachMarks": false
            },
            {
              "Name": "Fletchers",
              "Term": "Fletchers",
              "ExtraOutputFields": {},
              "Min": null,
              "Max": null,
              "Applied": false,
              "Count": 2,
              "Statement": null,
              "DisplayCoachMarks": false
            },
            {
              "Name": "Flora",
              "Term": "Flora",
              "ExtraOutputFields": {},
              "Min": null,
              "Max": null,
              "Applied": false,
              "Count": 3,
              "Statement": null,
              "DisplayCoachMarks": false
            },
            {
              "Name": "Flying Goose",
              "Term": "Flying Goose",
              "ExtraOutputFields": {},
              "Min": null,
              "Max": null,
              "Applied": false,
              "Count": 1,
              "Statement": null,
              "DisplayCoachMarks": false
            },
            {
              "Name": "Fodmapped for You",
              "Term": "Fodmapped for You",
              "ExtraOutputFields": {},
              "Min": null,
              "Max": null,
              "Applied": false,
              "Count": 6,
              "Statement": null,
              "DisplayCoachMarks": false
            },
            {
              "Name": "Food for Health",
              "Term": "Food for Health",
              "ExtraOutputFields": {},
              "Min": null,
              "Max": null,
              "Applied": false,
              "Count": 2,
              "Statement": null,
              "DisplayCoachMarks": false
            },
            {
              "Name": "Food For Health",
              "Term": "Food For Health",
              "ExtraOutputFields": {},
              "Min": null,
              "Max": null,
              "Applied": false,
              "Count": 2,
              "Statement": null,
              "DisplayCoachMarks": false
            },
            {
              "Name": "Forbidden Foods",
              "Term": "Forbidden Foods",
              "ExtraOutputFields": {},
              "Min": null,
              "Max": null,
              "Applied": false,
              "Count": 3,
              "Statement": null,
              "DisplayCoachMarks": false
            },
            {
              "Name": "Forrelli",
              "Term": "Forrelli",
              "ExtraOutputFields": {},
              "Min": null,
              "Max": null,
              "Applied": false,
              "Count": 1,
              "Statement": null,
              "DisplayCoachMarks": false
            },
            {
              "Name": "Fountain",
              "Term": "Fountain",
              "ExtraOutputFields": {},
              "Min": null,
              "Max": null,
              "Applied": false,
              "Count": 15,
              "Statement": null,
              "DisplayCoachMarks": false
            },
            {
              "Name": "Fowlers",
              "Term": "Fowlers",
              "ExtraOutputFields": {},
              "Min": null,
              "Max": null,
              "Applied": false,
              "Count": 1,
              "Statement": null,
              "DisplayCoachMarks": false
            },
            {
              "Name": "Frank's",
              "Term": "Frank's",
              "ExtraOutputFields": {},
              "Min": null,
              "Max": null,
              "Applied": false,
              "Count": 2,
              "Statement": null,
              "DisplayCoachMarks": false
            },
            {
              "Name": "Fray Bentos",
              "Term": "Fray Bentos",
              "ExtraOutputFields": {},
              "Min": null,
              "Max": null,
              "Applied": false,
              "Count": 1,
              "Statement": null,
              "DisplayCoachMarks": false
            },
            {
              "Name": "Freedom Foods",
              "Term": "Freedom Foods",
              "ExtraOutputFields": {},
              "Min": null,
              "Max": null,
              "Applied": false,
              "Count": 25,
              "Statement": null,
              "DisplayCoachMarks": false
            },
            {
              "Name": "French Fries",
              "Term": "French Fries",
              "ExtraOutputFields": {},
              "Min": null,
              "Max": null,
              "Applied": false,
              "Count": 4,
              "Statement": null,
              "DisplayCoachMarks": false
            },
            {
              "Name": "Fresh Bake",
              "Term": "Fresh Bake",
              "ExtraOutputFields": {},
              "Min": null,
              "Max": null,
              "Applied": false,
              "Count": 2,
              "Statement": null,
              "DisplayCoachMarks": false
            },
            {
              "Name": "Fresh Up",
              "Term": "Fresh Up",
              "ExtraOutputFields": {},
              "Min": null,
              "Max": null,
              "Applied": false,
              "Count": 2,
              "Statement": null,
              "DisplayCoachMarks": false
            },
            {
              "Name": "Frey",
              "Term": "Frey",
              "ExtraOutputFields": {},
              "Min": null,
              "Max": null,
              "Applied": false,
              "Count": 11,
              "Statement": null,
              "DisplayCoachMarks": false
            },
            {
              "Name": "Frisp",
              "Term": "Frisp",
              "ExtraOutputFields": {},
              "Min": null,
              "Max": null,
              "Applied": false,
              "Count": 3,
              "Statement": null,
              "DisplayCoachMarks": false
            },
            {
              "Name": "Frooti",
              "Term": "Frooti",
              "ExtraOutputFields": {},
              "Min": null,
              "Max": null,
              "Applied": false,
              "Count": 2,
              "Statement": null,
              "DisplayCoachMarks": false
            },
            {
              "Name": "Fruit For Life",
              "Term": "Fruit For Life",
              "ExtraOutputFields": {},
              "Min": null,
              "Max": null,
              "Applied": false,
              "Count": 1,
              "Statement": null,
              "DisplayCoachMarks": false
            },
            {
              "Name": "Frys",
              "Term": "Frys",
              "ExtraOutputFields": {},
              "Min": null,
              "Max": null,
              "Applied": false,
              "Count": 1,
              "Statement": null,
              "DisplayCoachMarks": false
            },
            {
              "Name": "Fry's",
              "Term": "Fry's",
              "ExtraOutputFields": {},
              "Min": null,
              "Max": null,
              "Applied": false,
              "Count": 1,
              "Statement": null,
              "DisplayCoachMarks": false
            },
            {
              "Name": "Fuel10K",
              "Term": "Fuel10K",
              "ExtraOutputFields": {},
              "Min": null,
              "Max": null,
              "Applied": false,
              "Count": 5,
              "Statement": null,
              "DisplayCoachMarks": false
            },
            {
              "Name": "Fun Frenzy",
              "Term": "Fun Frenzy",
              "ExtraOutputFields": {},
              "Min": null,
              "Max": null,
              "Applied": false,
              "Count": 1,
              "Statement": null,
              "DisplayCoachMarks": false
            },
            {
              "Name": "Fyna",
              "Term": "Fyna",
              "ExtraOutputFields": {},
              "Min": null,
              "Max": null,
              "Applied": false,
              "Count": 1,
              "Statement": null,
              "DisplayCoachMarks": false
            }
          ]
        },
        {
          "Alphabet": "G",
          "Filters": [
            {
              "Name": "Galaxy",
              "Term": "Galaxy",
              "ExtraOutputFields": {},
              "Min": null,
              "Max": null,
              "Applied": false,
              "Count": 1,
              "Statement": null,
              "DisplayCoachMarks": false
            },
            {
              "Name": "Galiko",
              "Term": "Galiko",
              "ExtraOutputFields": {},
              "Min": null,
              "Max": null,
              "Applied": false,
              "Count": 2,
              "Statement": null,
              "DisplayCoachMarks": false
            },
            {
              "Name": "Gardener",
              "Term": "Gardener",
              "ExtraOutputFields": {},
              "Min": null,
              "Max": null,
              "Applied": false,
              "Count": 3,
              "Statement": null,
              "DisplayCoachMarks": false
            },
            {
              "Name": "Gefen",
              "Term": "Gefen",
              "ExtraOutputFields": {},
              "Min": null,
              "Max": null,
              "Applied": false,
              "Count": 1,
              "Statement": null,
              "DisplayCoachMarks": false
            },
            {
              "Name": "Girnar",
              "Term": "Girnar",
              "ExtraOutputFields": {},
              "Min": null,
              "Max": null,
              "Applied": false,
              "Count": 2,
              "Statement": null,
              "DisplayCoachMarks": false
            },
            {
              "Name": "Gits",
              "Term": "Gits",
              "ExtraOutputFields": {},
              "Min": null,
              "Max": null,
              "Applied": false,
              "Count": 4,
              "Statement": null,
              "DisplayCoachMarks": false
            },
            {
              "Name": "GKC",
              "Term": "GKC",
              "ExtraOutputFields": {},
              "Min": null,
              "Max": null,
              "Applied": false,
              "Count": 1,
              "Statement": null,
              "DisplayCoachMarks": false
            },
            {
              "Name": "Global Organics",
              "Term": "Global Organics",
              "ExtraOutputFields": {},
              "Min": null,
              "Max": null,
              "Applied": false,
              "Count": 6,
              "Statement": null,
              "DisplayCoachMarks": false
            },
            {
              "Name": "Globus",
              "Term": "Globus",
              "ExtraOutputFields": {},
              "Min": null,
              "Max": null,
              "Applied": false,
              "Count": 1,
              "Statement": null,
              "DisplayCoachMarks": false
            },
            {
              "Name": "Gloria Jean's Coffees",
              "Term": "Gloria Jean's Coffees",
              "ExtraOutputFields": {},
              "Min": null,
              "Max": null,
              "Applied": false,
              "Count": 3,
              "Statement": null,
              "DisplayCoachMarks": false
            },
            {
              "Name": "Go Natural",
              "Term": "Go Natural",
              "ExtraOutputFields": {},
              "Min": null,
              "Max": null,
              "Applied": false,
              "Count": 15,
              "Statement": null,
              "DisplayCoachMarks": false
            },
            {
              "Name": "Gold Medal Snacks",
              "Term": "Gold Medal Snacks",
              "ExtraOutputFields": {},
              "Min": null,
              "Max": null,
              "Applied": false,
              "Count": 1,
              "Statement": null,
              "DisplayCoachMarks": false
            },
            {
              "Name": "Golden Circle",
              "Term": "Golden Circle",
              "ExtraOutputFields": {},
              "Min": null,
              "Max": null,
              "Applied": false,
              "Count": 23,
              "Statement": null,
              "DisplayCoachMarks": false
            },
            {
              "Name": "Golden Days",
              "Term": "Golden Days",
              "ExtraOutputFields": {},
              "Min": null,
              "Max": null,
              "Applied": false,
              "Count": 5,
              "Statement": null,
              "DisplayCoachMarks": false
            },
            {
              "Name": "Golden Fields",
              "Term": "Golden Fields",
              "ExtraOutputFields": {},
              "Min": null,
              "Max": null,
              "Applied": false,
              "Count": 2,
              "Statement": null,
              "DisplayCoachMarks": false
            },
            {
              "Name": "Golden Palm",
              "Term": "Golden Palm",
              "ExtraOutputFields": {},
              "Min": null,
              "Max": null,
              "Applied": false,
              "Count": 4,
              "Statement": null,
              "DisplayCoachMarks": false
            },
            {
              "Name": "Goldenfry",
              "Term": "Goldenfry",
              "ExtraOutputFields": {},
              "Min": null,
              "Max": null,
              "Applied": false,
              "Count": 2,
              "Statement": null,
              "DisplayCoachMarks": false
            },
            {
              "Name": "Gold'N Canola",
              "Term": "Gold'N Canola",
              "ExtraOutputFields": {},
              "Min": null,
              "Max": null,
              "Applied": false,
              "Count": 1,
              "Statement": null,
              "DisplayCoachMarks": false
            },
            {
              "Name": "Good Fish",
              "Term": "Good Fish",
              "ExtraOutputFields": {},
              "Min": null,
              "Max": null,
              "Applied": false,
              "Count": 2,
              "Statement": null,
              "DisplayCoachMarks": false
            },
            {
              "Name": "GoodnessMe",
              "Term": "GoodnessMe",
              "ExtraOutputFields": {},
              "Min": null,
              "Max": null,
              "Applied": false,
              "Count": 2,
              "Statement": null,
              "DisplayCoachMarks": false
            },
            {
              "Name": "Goulburn Valley",
              "Term": "Goulburn Valley",
              "ExtraOutputFields": {},
              "Min": null,
              "Max": null,
              "Applied": false,
              "Count": 6,
              "Statement": null,
              "DisplayCoachMarks": false
            },
            {
              "Name": "Gourmet Garden",
              "Term": "Gourmet Garden",
              "ExtraOutputFields": {},
              "Min": null,
              "Max": null,
              "Applied": false,
              "Count": 21,
              "Statement": null,
              "DisplayCoachMarks": false
            },
            {
              "Name": "Gran's",
              "Term": "Gran's",
              "ExtraOutputFields": {},
              "Min": null,
              "Max": null,
              "Applied": false,
              "Count": 2,
              "Statement": null,
              "DisplayCoachMarks": false
            },
            {
              "Name": "Gravox",
              "Term": "Gravox",
              "ExtraOutputFields": {},
              "Min": null,
              "Max": null,
              "Applied": false,
              "Count": 48,
              "Statement": null,
              "DisplayCoachMarks": false
            },
            {
              "Name": "Green & Black's",
              "Term": "Green & Black's",
              "ExtraOutputFields": {},
              "Min": null,
              "Max": null,
              "Applied": false,
              "Count": 1,
              "Statement": null,
              "DisplayCoachMarks": false
            },
            {
              "Name": "Green Hill",
              "Term": "Green Hill",
              "ExtraOutputFields": {},
              "Min": null,
              "Max": null,
              "Applied": false,
              "Count": 7,
              "Statement": null,
              "DisplayCoachMarks": false
            },
            {
              "Name": "Green Leaf",
              "Term": "Green Leaf",
              "ExtraOutputFields": {},
              "Min": null,
              "Max": null,
              "Applied": false,
              "Count": 13,
              "Statement": null,
              "DisplayCoachMarks": false
            },
            {
              "Name": "Green's",
              "Term": "Green's",
              "ExtraOutputFields": {},
              "Min": null,
              "Max": null,
              "Applied": false,
              "Count": 46,
              "Statement": null,
              "DisplayCoachMarks": false
            },
            {
              "Name": "Greenseas",
              "Term": "Greenseas",
              "ExtraOutputFields": {},
              "Min": null,
              "Max": null,
              "Applied": false,
              "Count": 13,
              "Statement": null,
              "DisplayCoachMarks": false
            },
            {
              "Name": "Griffins",
              "Term": "Griffins",
              "ExtraOutputFields": {},
              "Min": null,
              "Max": null,
              "Applied": false,
              "Count": 4,
              "Statement": null,
              "DisplayCoachMarks": false
            },
            {
              "Name": "Grinders",
              "Term": "Grinders",
              "ExtraOutputFields": {},
              "Min": null,
              "Max": null,
              "Applied": false,
              "Count": 6,
              "Statement": null,
              "DisplayCoachMarks": false
            },
            {
              "Name": "Gross Fourre",
              "Term": "Gross Fourre",
              "ExtraOutputFields": {},
              "Min": null,
              "Max": null,
              "Applied": false,
              "Count": 1,
              "Statement": null,
              "DisplayCoachMarks": false
            },
            {
              "Name": "Gullon",
              "Term": "Gullon",
              "ExtraOutputFields": {},
              "Min": null,
              "Max": null,
              "Applied": false,
              "Count": 9,
              "Statement": null,
              "DisplayCoachMarks": false
            },
            {
              "Name": "Guylian",
              "Term": "Guylian",
              "ExtraOutputFields": {},
              "Min": null,
              "Max": null,
              "Applied": false,
              "Count": 2,
              "Statement": null,
              "DisplayCoachMarks": false
            },
            {
              "Name": "Guzzi's",
              "Term": "Guzzi's",
              "ExtraOutputFields": {},
              "Min": null,
              "Max": null,
              "Applied": false,
              "Count": 6,
              "Statement": null,
              "DisplayCoachMarks": false
            }
          ]
        },
        {
          "Alphabet": "H",
          "Filters": [
            {
              "Name": "Hadar",
              "Term": "Hadar",
              "ExtraOutputFields": {},
              "Min": null,
              "Max": null,
              "Applied": false,
              "Count": 1,
              "Statement": null,
              "DisplayCoachMarks": false
            },
            {
              "Name": "Haday",
              "Term": "Haday",
              "ExtraOutputFields": {},
              "Min": null,
              "Max": null,
              "Applied": false,
              "Count": 4,
              "Statement": null,
              "DisplayCoachMarks": false
            },
            {
              "Name": "Haddar",
              "Term": "Haddar",
              "ExtraOutputFields": {},
              "Min": null,
              "Max": null,
              "Applied": false,
              "Count": 1,
              "Statement": null,
              "DisplayCoachMarks": false
            },
            {
              "Name": "Hakubaku",
              "Term": "Hakubaku",
              "ExtraOutputFields": {},
              "Min": null,
              "Max": null,
              "Applied": false,
              "Count": 4,
              "Statement": null,
              "DisplayCoachMarks": false
            },
            {
              "Name": "Haldiram's",
              "Term": "Haldiram's",
              "ExtraOutputFields": {},
              "Min": null,
              "Max": null,
              "Applied": false,
              "Count": 4,
              "Statement": null,
              "DisplayCoachMarks": false
            },
            {
              "Name": "Hamdard",
              "Term": "Hamdard",
              "ExtraOutputFields": {},
              "Min": null,
              "Max": null,
              "Applied": false,
              "Count": 1,
              "Statement": null,
              "DisplayCoachMarks": false
            },
            {
              "Name": "Hamper",
              "Term": "Hamper",
              "ExtraOutputFields": {},
              "Min": null,
              "Max": null,
              "Applied": false,
              "Count": 3,
              "Statement": null,
              "DisplayCoachMarks": false
            },
            {
              "Name": "Hansells",
              "Term": "Hansells",
              "ExtraOutputFields": {},
              "Min": null,
              "Max": null,
              "Applied": false,
              "Count": 2,
              "Statement": null,
              "DisplayCoachMarks": false
            },
            {
              "Name": "Hapi",
              "Term": "Hapi",
              "ExtraOutputFields": {},
              "Min": null,
              "Max": null,
              "Applied": false,
              "Count": 1,
              "Statement": null,
              "DisplayCoachMarks": false
            },
            {
              "Name": "Happy Valley",
              "Term": "Happy Valley",
              "ExtraOutputFields": {},
              "Min": null,
              "Max": null,
              "Applied": false,
              "Count": 1,
              "Statement": null,
              "DisplayCoachMarks": false
            },
            {
              "Name": "Harbour Foods",
              "Term": "Harbour Foods",
              "ExtraOutputFields": {},
              "Min": null,
              "Max": null,
              "Applied": false,
              "Count": 1,
              "Statement": null,
              "DisplayCoachMarks": false
            },
            {
              "Name": "Haribo",
              "Term": "Haribo",
              "ExtraOutputFields": {},
              "Min": null,
              "Max": null,
              "Applied": false,
              "Count": 3,
              "Statement": null,
              "DisplayCoachMarks": false
            },
            {
              "Name": "Harringtons",
              "Term": "Harringtons",
              "ExtraOutputFields": {},
              "Min": null,
              "Max": null,
              "Applied": false,
              "Count": 1,
              "Statement": null,
              "DisplayCoachMarks": false
            },
            {
              "Name": "Harris",
              "Term": "Harris",
              "ExtraOutputFields": {},
              "Min": null,
              "Max": null,
              "Applied": false,
              "Count": 9,
              "Statement": null,
              "DisplayCoachMarks": false
            },
            {
              "Name": "Hart & Soul",
              "Term": "Hart & Soul",
              "ExtraOutputFields": {},
              "Min": null,
              "Max": null,
              "Applied": false,
              "Count": 51,
              "Statement": null,
              "DisplayCoachMarks": false
            },
            {
              "Name": "Harvest",
              "Term": "Harvest",
              "ExtraOutputFields": {},
              "Min": null,
              "Max": null,
              "Applied": false,
              "Count": 7,
              "Statement": null,
              "DisplayCoachMarks": false
            },
            {
              "Name": "Hashachar",
              "Term": "Hashachar",
              "ExtraOutputFields": {},
              "Min": null,
              "Max": null,
              "Applied": false,
              "Count": 1,
              "Statement": null,
              "DisplayCoachMarks": false
            },
            {
              "Name": "Hawkins",
              "Term": "Hawkins",
              "ExtraOutputFields": {},
              "Min": null,
              "Max": null,
              "Applied": false,
              "Count": 2,
              "Statement": null,
              "DisplayCoachMarks": false
            },
            {
              "Name": "Health Lab",
              "Term": "Health Lab",
              "ExtraOutputFields": {},
              "Min": null,
              "Max": null,
              "Applied": false,
              "Count": 18,
              "Statement": null,
              "DisplayCoachMarks": false
            },
            {
              "Name": "Health Rite",
              "Term": "Health Rite",
              "ExtraOutputFields": {},
              "Min": null,
              "Max": null,
              "Applied": false,
              "Count": 1,
              "Statement": null,
              "DisplayCoachMarks": false
            },
            {
              "Name": "Healtheries",
              "Term": "Healtheries",
              "ExtraOutputFields": {},
              "Min": null,
              "Max": null,
              "Applied": false,
              "Count": 8,
              "Statement": null,
              "DisplayCoachMarks": false
            },
            {
              "Name": "Heidis",
              "Term": "Heidis",
              "ExtraOutputFields": {},
              "Min": null,
              "Max": null,
              "Applied": false,
              "Count": 1,
              "Statement": null,
              "DisplayCoachMarks": false
            },
            {
              "Name": "Heilala",
              "Term": "Heilala",
              "ExtraOutputFields": {},
              "Min": null,
              "Max": null,
              "Applied": false,
              "Count": 2,
              "Statement": null,
              "DisplayCoachMarks": false
            },
            {
              "Name": "Heinz",
              "Term": "Heinz",
              "ExtraOutputFields": {},
              "Min": null,
              "Max": null,
              "Applied": false,
              "Count": 111,
              "Statement": null,
              "DisplayCoachMarks": false
            },
            {
              "Name": "Hellmann's",
              "Term": "Hellmann's",
              "ExtraOutputFields": {},
              "Min": null,
              "Max": null,
              "Applied": false,
              "Count": 3,
              "Statement": null,
              "DisplayCoachMarks": false
            },
            {
              "Name": "Heng Shun",
              "Term": "Heng Shun",
              "ExtraOutputFields": {},
              "Min": null,
              "Max": null,
              "Applied": false,
              "Count": 1,
              "Statement": null,
              "DisplayCoachMarks": false
            },
            {
              "Name": "Herbamare",
              "Term": "Herbamare",
              "ExtraOutputFields": {},
              "Min": null,
              "Max": null,
              "Applied": false,
              "Count": 1,
              "Statement": null,
              "DisplayCoachMarks": false
            },
            {
              "Name": "Hermesetas",
              "Term": "Hermesetas",
              "ExtraOutputFields": {},
              "Min": null,
              "Max": null,
              "Applied": false,
              "Count": 2,
              "Statement": null,
              "DisplayCoachMarks": false
            },
            {
              "Name": "Hershey's",
              "Term": "Hershey's",
              "ExtraOutputFields": {},
              "Min": null,
              "Max": null,
              "Applied": false,
              "Count": 2,
              "Statement": null,
              "DisplayCoachMarks": false
            },
            {
              "Name": "Higher Living",
              "Term": "Higher Living",
              "ExtraOutputFields": {},
              "Min": null,
              "Max": null,
              "Applied": false,
              "Count": 7,
              "Statement": null,
              "DisplayCoachMarks": false
            },
            {
              "Name": "Hikari",
              "Term": "Hikari",
              "ExtraOutputFields": {},
              "Min": null,
              "Max": null,
              "Applied": false,
              "Count": 3,
              "Statement": null,
              "DisplayCoachMarks": false
            },
            {
              "Name": "Hime",
              "Term": "Hime",
              "ExtraOutputFields": {},
              "Min": null,
              "Max": null,
              "Applied": false,
              "Count": 1,
              "Statement": null,
              "DisplayCoachMarks": false
            },
            {
              "Name": "Holbrooks",
              "Term": "Holbrooks",
              "ExtraOutputFields": {},
              "Min": null,
              "Max": null,
              "Applied": false,
              "Count": 2,
              "Statement": null,
              "DisplayCoachMarks": false
            },
            {
              "Name": "Hong Gong",
              "Term": "Hong Gong",
              "ExtraOutputFields": {},
              "Min": null,
              "Max": null,
              "Applied": false,
              "Count": 3,
              "Statement": null,
              "DisplayCoachMarks": false
            },
            {
              "Name": "Hot Kids",
              "Term": "Hot Kids",
              "ExtraOutputFields": {},
              "Min": null,
              "Max": null,
              "Applied": false,
              "Count": 4,
              "Statement": null,
              "DisplayCoachMarks": false
            },
            {
              "Name": "Hot Pot",
              "Term": "Hot Pot",
              "ExtraOutputFields": {},
              "Min": null,
              "Max": null,
              "Applied": false,
              "Count": 7,
              "Statement": null,
              "DisplayCoachMarks": false
            },
            {
              "Name": "House Foods",
              "Term": "House Foods",
              "ExtraOutputFields": {},
              "Min": null,
              "Max": null,
              "Applied": false,
              "Count": 1,
              "Statement": null,
              "DisplayCoachMarks": false
            },
            {
              "Name": "Hoyt's",
              "Term": "Hoyt's",
              "ExtraOutputFields": {},
              "Min": null,
              "Max": null,
              "Applied": false,
              "Count": 59,
              "Statement": null,
              "DisplayCoachMarks": false
            },
            {
              "Name": "HP",
              "Term": "HP",
              "ExtraOutputFields": {},
              "Min": null,
              "Max": null,
              "Applied": false,
              "Count": 1,
              "Statement": null,
              "DisplayCoachMarks": false
            },
            {
              "Name": "Hua Lian",
              "Term": "Hua Lian",
              "ExtraOutputFields": {},
              "Min": null,
              "Max": null,
              "Applied": false,
              "Count": 1,
              "Statement": null,
              "DisplayCoachMarks": false
            },
            {
              "Name": "Hubba Bubba",
              "Term": "Hubba Bubba",
              "ExtraOutputFields": {},
              "Min": null,
              "Max": null,
              "Applied": false,
              "Count": 2,
              "Statement": null,
              "DisplayCoachMarks": false
            },
            {
              "Name": "Huy Fong",
              "Term": "Huy Fong",
              "ExtraOutputFields": {},
              "Min": null,
              "Max": null,
              "Applied": false,
              "Count": 5,
              "Statement": null,
              "DisplayCoachMarks": false
            }
          ]
        },
        {
          "Alphabet": "I",
          "Filters": [
            {
              "Name": "Ichiban",
              "Term": "Ichiban",
              "ExtraOutputFields": {},
              "Min": null,
              "Max": null,
              "Applied": false,
              "Count": 3,
              "Statement": null,
              "DisplayCoachMarks": false
            },
            {
              "Name": "Iddy Biddy",
              "Term": "Iddy Biddy",
              "ExtraOutputFields": {},
              "Min": null,
              "Max": null,
              "Applied": false,
              "Count": 4,
              "Statement": null,
              "DisplayCoachMarks": false
            },
            {
              "Name": "Il Molino",
              "Term": "Il Molino",
              "ExtraOutputFields": {},
              "Min": null,
              "Max": null,
              "Applied": false,
              "Count": 5,
              "Statement": null,
              "DisplayCoachMarks": false
            },
            {
              "Name": "Illy",
              "Term": "Illy",
              "ExtraOutputFields": {},
              "Min": null,
              "Max": null,
              "Applied": false,
              "Count": 4,
              "Statement": null,
              "DisplayCoachMarks": false
            },
            {
              "Name": "Ina Paarman",
              "Term": "Ina Paarman",
              "ExtraOutputFields": {},
              "Min": null,
              "Max": null,
              "Applied": false,
              "Count": 1,
              "Statement": null,
              "DisplayCoachMarks": false
            },
            {
              "Name": "India Gate",
              "Term": "India Gate",
              "ExtraOutputFields": {},
              "Min": null,
              "Max": null,
              "Applied": false,
              "Count": 3,
              "Statement": null,
              "DisplayCoachMarks": false
            },
            {
              "Name": "Indomie",
              "Term": "Indomie",
              "ExtraOutputFields": {},
              "Min": null,
              "Max": null,
              "Applied": false,
              "Count": 7,
              "Statement": null,
              "DisplayCoachMarks": false
            },
            {
              "Name": "Indya",
              "Term": "Indya",
              "ExtraOutputFields": {},
              "Min": null,
              "Max": null,
              "Applied": false,
              "Count": 2,
              "Statement": null,
              "DisplayCoachMarks": false
            },
            {
              "Name": "Infuzions",
              "Term": "Infuzions",
              "ExtraOutputFields": {},
              "Min": null,
              "Max": null,
              "Applied": false,
              "Count": 4,
              "Statement": null,
              "DisplayCoachMarks": false
            },
            {
              "Name": "Ingham's",
              "Term": "Ingham's",
              "ExtraOutputFields": {},
              "Min": null,
              "Max": null,
              "Applied": false,
              "Count": 1,
              "Statement": null,
              "DisplayCoachMarks": false
            },
            {
              "Name": "International Roast",
              "Term": "International Roast",
              "ExtraOutputFields": {},
              "Min": null,
              "Max": null,
              "Applied": false,
              "Count": 1,
              "Statement": null,
              "DisplayCoachMarks": false
            },
            {
              "Name": "Ital",
              "Term": "Ital",
              "ExtraOutputFields": {},
              "Min": null,
              "Max": null,
              "Applied": false,
              "Count": 1,
              "Statement": null,
              "DisplayCoachMarks": false
            },
            {
              "Name": "Ito En",
              "Term": "Ito En",
              "ExtraOutputFields": {},
              "Min": null,
              "Max": null,
              "Applied": false,
              "Count": 2,
              "Statement": null,
              "DisplayCoachMarks": false
            },
            {
              "Name": "IWISA",
              "Term": "IWISA",
              "ExtraOutputFields": {},
              "Min": null,
              "Max": null,
              "Applied": false,
              "Count": 1,
              "Statement": null,
              "DisplayCoachMarks": false
            },
            {
              "Name": "IXL",
              "Term": "IXL",
              "ExtraOutputFields": {},
              "Min": null,
              "Max": null,
              "Applied": false,
              "Count": 4,
              "Statement": null,
              "DisplayCoachMarks": false
            }
          ]
        },
        {
          "Alphabet": "J",
          "Filters": [
            {
              "Name": "J Crackleton",
              "Term": "J Crackleton",
              "ExtraOutputFields": {},
              "Min": null,
              "Max": null,
              "Applied": false,
              "Count": 2,
              "Statement": null,
              "DisplayCoachMarks": false
            },
            {
              "Name": "Jack Link's",
              "Term": "Jack Link's",
              "ExtraOutputFields": {},
              "Min": null,
              "Max": null,
              "Applied": false,
              "Count": 4,
              "Statement": null,
              "DisplayCoachMarks": false
            },
            {
              "Name": "Jacobs",
              "Term": "Jacobs",
              "ExtraOutputFields": {},
              "Min": null,
              "Max": null,
              "Applied": false,
              "Count": 2,
              "Statement": null,
              "DisplayCoachMarks": false
            },
            {
              "Name": "Jade Phoenix",
              "Term": "Jade Phoenix",
              "ExtraOutputFields": {},
              "Min": null,
              "Max": null,
              "Applied": false,
              "Count": 4,
              "Statement": null,
              "DisplayCoachMarks": false
            },
            {
              "Name": "Jamie Oliver",
              "Term": "Jamie Oliver",
              "ExtraOutputFields": {},
              "Min": null,
              "Max": null,
              "Applied": false,
              "Count": 5,
              "Statement": null,
              "DisplayCoachMarks": false
            },
            {
              "Name": "Jammie Dodgers",
              "Term": "Jammie Dodgers",
              "ExtraOutputFields": {},
              "Min": null,
              "Max": null,
              "Applied": false,
              "Count": 1,
              "Statement": null,
              "DisplayCoachMarks": false
            },
            {
              "Name": "Jarrah",
              "Term": "Jarrah",
              "ExtraOutputFields": {},
              "Min": null,
              "Max": null,
              "Applied": false,
              "Count": 6,
              "Statement": null,
              "DisplayCoachMarks": false
            },
            {
              "Name": "Jeeny's",
              "Term": "Jeeny's",
              "ExtraOutputFields": {},
              "Min": null,
              "Max": null,
              "Applied": false,
              "Count": 2,
              "Statement": null,
              "DisplayCoachMarks": false
            },
            {
              "Name": "Jila",
              "Term": "Jila",
              "ExtraOutputFields": {},
              "Min": null,
              "Max": null,
              "Applied": false,
              "Count": 1,
              "Statement": null,
              "DisplayCoachMarks": false
            },
            {
              "Name": "Jinmailang",
              "Term": "Jinmailang",
              "ExtraOutputFields": {},
              "Min": null,
              "Max": null,
              "Applied": false,
              "Count": 4,
              "Statement": null,
              "DisplayCoachMarks": false
            },
            {
              "Name": "JJ Snacks",
              "Term": "JJ Snacks",
              "ExtraOutputFields": {},
              "Min": null,
              "Max": null,
              "Applied": false,
              "Count": 1,
              "Statement": null,
              "DisplayCoachMarks": false
            },
            {
              "Name": "John West",
              "Term": "John West",
              "ExtraOutputFields": {},
              "Min": null,
              "Max": null,
              "Applied": false,
              "Count": 58,
              "Statement": null,
              "DisplayCoachMarks": false
            },
            {
              "Name": "Jols",
              "Term": "Jols",
              "ExtraOutputFields": {},
              "Min": null,
              "Max": null,
              "Applied": false,
              "Count": 2,
              "Statement": null,
              "DisplayCoachMarks": false
            },
            {
              "Name": "Jordans",
              "Term": "Jordans",
              "ExtraOutputFields": {},
              "Min": null,
              "Max": null,
              "Applied": false,
              "Count": 8,
              "Statement": null,
              "DisplayCoachMarks": false
            },
            {
              "Name": "Juicy Isle",
              "Term": "Juicy Isle",
              "ExtraOutputFields": {},
              "Min": null,
              "Max": null,
              "Applied": false,
              "Count": 3,
              "Statement": null,
              "DisplayCoachMarks": false
            },
            {
              "Name": "Jumpy's",
              "Term": "Jumpy's",
              "ExtraOutputFields": {},
              "Min": null,
              "Max": null,
              "Applied": false,
              "Count": 2,
              "Statement": null,
              "DisplayCoachMarks": false
            },
            {
              "Name": "Just Foods",
              "Term": "Just Foods",
              "ExtraOutputFields": {},
              "Min": null,
              "Max": null,
              "Applied": false,
              "Count": 2,
              "Statement": null,
              "DisplayCoachMarks": false
            },
            {
              "Name": "Just Rooibos",
              "Term": "Just Rooibos",
              "ExtraOutputFields": {},
              "Min": null,
              "Max": null,
              "Applied": false,
              "Count": 1,
              "Statement": null,
              "DisplayCoachMarks": false
            }
          ]
        },
        {
          "Alphabet": "K",
          "Filters": [
            {
              "Name": "Kan Tong",
              "Term": "Kan Tong",
              "ExtraOutputFields": {},
              "Min": null,
              "Max": null,
              "Applied": false,
              "Count": 13,
              "Statement": null,
              "DisplayCoachMarks": false
            },
            {
              "Name": "Kara",
              "Term": "Kara",
              "ExtraOutputFields": {},
              "Min": null,
              "Max": null,
              "Applied": false,
              "Count": 1,
              "Statement": null,
              "DisplayCoachMarks": false
            },
            {
              "Name": "Katoomba",
              "Term": "Katoomba",
              "ExtraOutputFields": {},
              "Min": null,
              "Max": null,
              "Applied": false,
              "Count": 22,
              "Statement": null,
              "DisplayCoachMarks": false
            },
            {
              "Name": "Kedem",
              "Term": "Kedem",
              "ExtraOutputFields": {},
              "Min": null,
              "Max": null,
              "Applied": false,
              "Count": 3,
              "Statement": null,
              "DisplayCoachMarks": false
            },
            {
              "Name": "Keens",
              "Term": "Keens",
              "ExtraOutputFields": {},
              "Min": null,
              "Max": null,
              "Applied": false,
              "Count": 3,
              "Statement": null,
              "DisplayCoachMarks": false
            },
            {
              "Name": "Keep It Cleaner",
              "Term": "Keep It Cleaner",
              "ExtraOutputFields": {},
              "Min": null,
              "Max": null,
              "Applied": false,
              "Count": 5,
              "Statement": null,
              "DisplayCoachMarks": false
            },
            {
              "Name": "Kellogg's",
              "Term": "Kellogg's",
              "ExtraOutputFields": {},
              "Min": null,
              "Max": null,
              "Applied": false,
              "Count": 77,
              "Statement": null,
              "DisplayCoachMarks": false
            },
            {
              "Name": "Kettle",
              "Term": "Kettle",
              "ExtraOutputFields": {},
              "Min": null,
              "Max": null,
              "Applied": false,
              "Count": 15,
              "Statement": null,
              "DisplayCoachMarks": false
            },
            {
              "Name": "Kewpie",
              "Term": "Kewpie",
              "ExtraOutputFields": {},
              "Min": null,
              "Max": null,
              "Applied": false,
              "Count": 5,
              "Statement": null,
              "DisplayCoachMarks": false
            },
            {
              "Name": "Kez's",
              "Term": "Kez's",
              "ExtraOutputFields": {},
              "Min": null,
              "Max": null,
              "Applied": false,
              "Count": 10,
              "Statement": null,
              "DisplayCoachMarks": false
            },
            {
              "Name": "Khao Shong",
              "Term": "Khao Shong",
              "ExtraOutputFields": {},
              "Min": null,
              "Max": null,
              "Applied": false,
              "Count": 1,
              "Statement": null,
              "DisplayCoachMarks": false
            },
            {
              "Name": "Kikkoman",
              "Term": "Kikkoman",
              "ExtraOutputFields": {},
              "Min": null,
              "Max": null,
              "Applied": false,
              "Count": 11,
              "Statement": null,
              "DisplayCoachMarks": false
            },
            {
              "Name": "Kimura",
              "Term": "Kimura",
              "ExtraOutputFields": {},
              "Min": null,
              "Max": null,
              "Applied": false,
              "Count": 1,
              "Statement": null,
              "DisplayCoachMarks": false
            },
            {
              "Name": "Kinder",
              "Term": "Kinder",
              "ExtraOutputFields": {},
              "Min": null,
              "Max": null,
              "Applied": false,
              "Count": 15,
              "Statement": null,
              "DisplayCoachMarks": false
            },
            {
              "Name": "King Brand",
              "Term": "King Brand",
              "ExtraOutputFields": {},
              "Min": null,
              "Max": null,
              "Applied": false,
              "Count": 1,
              "Statement": null,
              "DisplayCoachMarks": false
            },
            {
              "Name": "King Oscar",
              "Term": "King Oscar",
              "ExtraOutputFields": {},
              "Min": null,
              "Max": null,
              "Applied": false,
              "Count": 4,
              "Statement": null,
              "DisplayCoachMarks": false
            },
            {
              "Name": "Kings",
              "Term": "Kings",
              "ExtraOutputFields": {},
              "Min": null,
              "Max": null,
              "Applied": false,
              "Count": 1,
              "Statement": null,
              "DisplayCoachMarks": false
            },
            {
              "Name": "Kintra",
              "Term": "Kintra",
              "ExtraOutputFields": {},
              "Min": null,
              "Max": null,
              "Applied": false,
              "Count": 1,
              "Statement": null,
              "DisplayCoachMarks": false
            },
            {
              "Name": "KitKat",
              "Term": "KitKat",
              "ExtraOutputFields": {},
              "Min": null,
              "Max": null,
              "Applied": false,
              "Count": 2,
              "Statement": null,
              "DisplayCoachMarks": false
            },
            {
              "Name": "Knorr",
              "Term": "Knorr",
              "ExtraOutputFields": {},
              "Min": null,
              "Max": null,
              "Applied": false,
              "Count": 3,
              "Statement": null,
              "DisplayCoachMarks": false
            },
            {
              "Name": "Koh Kae",
              "Term": "Koh Kae",
              "ExtraOutputFields": {},
              "Min": null,
              "Max": null,
              "Applied": false,
              "Count": 2,
              "Statement": null,
              "DisplayCoachMarks": false
            },
            {
              "Name": "Koja",
              "Term": "Koja",
              "ExtraOutputFields": {},
              "Min": null,
              "Max": null,
              "Applied": false,
              "Count": 3,
              "Statement": null,
              "DisplayCoachMarks": false
            },
            {
              "Name": "Kong Foo",
              "Term": "Kong Foo",
              "ExtraOutputFields": {},
              "Min": null,
              "Max": null,
              "Applied": false,
              "Count": 1,
              "Statement": null,
              "DisplayCoachMarks": false
            },
            {
              "Name": "KOO",
              "Term": "KOO",
              "ExtraOutputFields": {},
              "Min": null,
              "Max": null,
              "Applied": false,
              "Count": 1,
              "Statement": null,
              "DisplayCoachMarks": false
            },
            {
              "Name": "Kook A Krumb",
              "Term": "Kook A Krumb",
              "ExtraOutputFields": {},
              "Min": null,
              "Max": null,
              "Applied": false,
              "Count": 2,
              "Statement": null,
              "DisplayCoachMarks": false
            },
            {
              "Name": "Kozhikoden",
              "Term": "Kozhikoden",
              "ExtraOutputFields": {},
              "Min": null,
              "Max": null,
              "Applied": false,
              "Count": 2,
              "Statement": null,
              "DisplayCoachMarks": false
            },
            {
              "Name": "Kraft",
              "Term": "Kraft",
              "ExtraOutputFields": {},
              "Min": null,
              "Max": null,
              "Applied": false,
              "Count": 13,
              "Statement": null,
              "DisplayCoachMarks": false
            },
            {
              "Name": "Krakus",
              "Term": "Krakus",
              "ExtraOutputFields": {},
              "Min": null,
              "Max": null,
              "Applied": false,
              "Count": 1,
              "Statement": null,
              "DisplayCoachMarks": false
            },
            {
              "Name": "Krummies",
              "Term": "Krummies",
              "ExtraOutputFields": {},
              "Min": null,
              "Max": null,
              "Applied": false,
              "Count": 1,
              "Statement": null,
              "DisplayCoachMarks": false
            },
            {
              "Name": "Kurrajong Kitchen",
              "Term": "Kurrajong Kitchen",
              "ExtraOutputFields": {},
              "Min": null,
              "Max": null,
              "Applied": false,
              "Count": 2,
              "Statement": null,
              "DisplayCoachMarks": false
            },
            {
              "Name": "Kushi",
              "Term": "Kushi",
              "ExtraOutputFields": {},
              "Min": null,
              "Max": null,
              "Applied": false,
              "Count": 6,
              "Statement": null,
              "DisplayCoachMarks": false
            }
          ]
        },
        {
          "Alphabet": "L",
          "Filters": [
            {
              "Name": "L&P",
              "Term": "L&P",
              "ExtraOutputFields": {},
              "Min": null,
              "Max": null,
              "Applied": false,
              "Count": 2,
              "Statement": null,
              "DisplayCoachMarks": false
            },
            {
              "Name": "La Costena",
              "Term": "La Costena",
              "ExtraOutputFields": {},
              "Min": null,
              "Max": null,
              "Applied": false,
              "Count": 4,
              "Statement": null,
              "DisplayCoachMarks": false
            },
            {
              "Name": "La Gina",
              "Term": "La Gina",
              "ExtraOutputFields": {},
              "Min": null,
              "Max": null,
              "Applied": false,
              "Count": 3,
              "Statement": null,
              "DisplayCoachMarks": false
            },
            {
              "Name": "La Molisana",
              "Term": "La Molisana",
              "ExtraOutputFields": {},
              "Min": null,
              "Max": null,
              "Applied": false,
              "Count": 14,
              "Statement": null,
              "DisplayCoachMarks": false
            },
            {
              "Name": "La Zuppa",
              "Term": "La Zuppa",
              "ExtraOutputFields": {},
              "Min": null,
              "Max": null,
              "Applied": false,
              "Count": 21,
              "Statement": null,
              "DisplayCoachMarks": false
            },
            {
              "Name": "Lakanto",
              "Term": "Lakanto",
              "ExtraOutputFields": {},
              "Min": null,
              "Max": null,
              "Applied": false,
              "Count": 5,
              "Statement": null,
              "DisplayCoachMarks": false
            },
            {
              "Name": "Lake Prespa",
              "Term": "Lake Prespa",
              "ExtraOutputFields": {},
              "Min": null,
              "Max": null,
              "Applied": false,
              "Count": 1,
              "Statement": null,
              "DisplayCoachMarks": false
            },
            {
              "Name": "Lan Choo",
              "Term": "Lan Choo",
              "ExtraOutputFields": {},
              "Min": null,
              "Max": null,
              "Applied": false,
              "Count": 1,
              "Statement": null,
              "DisplayCoachMarks": false
            },
            {
              "Name": "Lao Gan Ma",
              "Term": "Lao Gan Ma",
              "ExtraOutputFields": {},
              "Min": null,
              "Max": null,
              "Applied": false,
              "Count": 4,
              "Statement": null,
              "DisplayCoachMarks": false
            },
            {
              "Name": "Laucke",
              "Term": "Laucke",
              "ExtraOutputFields": {},
              "Min": null,
              "Max": null,
              "Applied": false,
              "Count": 11,
              "Statement": null,
              "DisplayCoachMarks": false
            },
            {
              "Name": "Laughing Cow",
              "Term": "Laughing Cow",
              "ExtraOutputFields": {},
              "Min": null,
              "Max": null,
              "Applied": false,
              "Count": 2,
              "Statement": null,
              "DisplayCoachMarks": false
            },
            {
              "Name": "Lavazza",
              "Term": "Lavazza",
              "ExtraOutputFields": {},
              "Min": null,
              "Max": null,
              "Applied": false,
              "Count": 24,
              "Statement": null,
              "DisplayCoachMarks": false
            },
            {
              "Name": "Laziza",
              "Term": "Laziza",
              "ExtraOutputFields": {},
              "Min": null,
              "Max": null,
              "Applied": false,
              "Count": 6,
              "Statement": null,
              "DisplayCoachMarks": false
            },
            {
              "Name": "Le Phare Du Cap Bon",
              "Term": "Le Phare Du Cap Bon",
              "ExtraOutputFields": {},
              "Min": null,
              "Max": null,
              "Applied": false,
              "Count": 1,
              "Statement": null,
              "DisplayCoachMarks": false
            },
            {
              "Name": "Lea & Perrins",
              "Term": "Lea & Perrins",
              "ExtraOutputFields": {},
              "Min": null,
              "Max": null,
              "Applied": false,
              "Count": 1,
              "Statement": null,
              "DisplayCoachMarks": false
            },
            {
              "Name": "Leatherwood",
              "Term": "Leatherwood",
              "ExtraOutputFields": {},
              "Min": null,
              "Max": null,
              "Applied": false,
              "Count": 1,
              "Statement": null,
              "DisplayCoachMarks": false
            },
            {
              "Name": "Lee Kum Kee",
              "Term": "Lee Kum Kee",
              "ExtraOutputFields": {},
              "Min": null,
              "Max": null,
              "Applied": false,
              "Count": 28,
              "Statement": null,
              "DisplayCoachMarks": false
            },
            {
              "Name": "Leggos",
              "Term": "Leggos",
              "ExtraOutputFields": {},
              "Min": null,
              "Max": null,
              "Applied": false,
              "Count": 47,
              "Statement": null,
              "DisplayCoachMarks": false
            },
            {
              "Name": "Lian",
              "Term": "Lian",
              "ExtraOutputFields": {},
              "Min": null,
              "Max": null,
              "Applied": false,
              "Count": 2,
              "Statement": null,
              "DisplayCoachMarks": false
            },
            {
              "Name": "Licorice Lovers",
              "Term": "Licorice Lovers",
              "ExtraOutputFields": {},
              "Min": null,
              "Max": null,
              "Applied": false,
              "Count": 2,
              "Statement": null,
              "DisplayCoachMarks": false
            },
            {
              "Name": "Liebers",
              "Term": "Liebers",
              "ExtraOutputFields": {},
              "Min": null,
              "Max": null,
              "Applied": false,
              "Count": 2,
              "Statement": null,
              "DisplayCoachMarks": false
            },
            {
              "Name": "Lifesavers",
              "Term": "Lifesavers",
              "ExtraOutputFields": {},
              "Min": null,
              "Max": null,
              "Applied": false,
              "Count": 3,
              "Statement": null,
              "DisplayCoachMarks": false
            },
            {
              "Name": "Lighthouse",
              "Term": "Lighthouse",
              "ExtraOutputFields": {},
              "Min": null,
              "Max": null,
              "Applied": false,
              "Count": 7,
              "Statement": null,
              "DisplayCoachMarks": false
            },
            {
              "Name": "Limca",
              "Term": "Limca",
              "ExtraOutputFields": {},
              "Min": null,
              "Max": null,
              "Applied": false,
              "Count": 1,
              "Statement": null,
              "DisplayCoachMarks": false
            },
            {
              "Name": "Lindt",
              "Term": "Lindt",
              "ExtraOutputFields": {},
              "Min": null,
              "Max": null,
              "Applied": false,
              "Count": 61,
              "Statement": null,
              "DisplayCoachMarks": false
            },
            {
              "Name": "Lingham's",
              "Term": "Lingham's",
              "ExtraOutputFields": {},
              "Min": null,
              "Max": null,
              "Applied": false,
              "Count": 1,
              "Statement": null,
              "DisplayCoachMarks": false
            },
            {
              "Name": "Lion",
              "Term": "Lion",
              "ExtraOutputFields": {},
              "Min": null,
              "Max": null,
              "Applied": false,
              "Count": 3,
              "Statement": null,
              "DisplayCoachMarks": false
            },
            {
              "Name": "Lipton",
              "Term": "Lipton",
              "ExtraOutputFields": {},
              "Min": null,
              "Max": null,
              "Applied": false,
              "Count": 12,
              "Statement": null,
              "DisplayCoachMarks": false
            },
            {
              "Name": "Loacker",
              "Term": "Loacker",
              "ExtraOutputFields": {},
              "Min": null,
              "Max": null,
              "Applied": false,
              "Count": 13,
              "Statement": null,
              "DisplayCoachMarks": false
            },
            {
              "Name": "Local Legends",
              "Term": "Local Legends",
              "ExtraOutputFields": {},
              "Min": null,
              "Max": null,
              "Applied": false,
              "Count": 6,
              "Statement": null,
              "DisplayCoachMarks": false
            },
            {
              "Name": "Lo-Fo Pantry",
              "Term": "Lo-Fo Pantry",
              "ExtraOutputFields": {},
              "Min": null,
              "Max": null,
              "Applied": false,
              "Count": 1,
              "Statement": null,
              "DisplayCoachMarks": false
            },
            {
              "Name": "Lolly Go Round",
              "Term": "Lolly Go Round",
              "ExtraOutputFields": {},
              "Min": null,
              "Max": null,
              "Applied": false,
              "Count": 9,
              "Statement": null,
              "DisplayCoachMarks": false
            },
            {
              "Name": "Lolly Gobble",
              "Term": "Lolly Gobble",
              "ExtraOutputFields": {},
              "Min": null,
              "Max": null,
              "Applied": false,
              "Count": 1,
              "Statement": null,
              "DisplayCoachMarks": false
            },
            {
              "Name": "Loma Linda",
              "Term": "Loma Linda",
              "ExtraOutputFields": {},
              "Min": null,
              "Max": null,
              "Applied": false,
              "Count": 2,
              "Statement": null,
              "DisplayCoachMarks": false
            },
            {
              "Name": "Lonely God",
              "Term": "Lonely God",
              "ExtraOutputFields": {},
              "Min": null,
              "Max": null,
              "Applied": false,
              "Count": 1,
              "Statement": null,
              "DisplayCoachMarks": false
            },
            {
              "Name": "L'Or",
              "Term": "L'Or",
              "ExtraOutputFields": {},
              "Min": null,
              "Max": null,
              "Applied": false,
              "Count": 17,
              "Statement": null,
              "DisplayCoachMarks": false
            },
            {
              "Name": "L'OR",
              "Term": "L'OR",
              "ExtraOutputFields": {},
              "Min": null,
              "Max": null,
              "Applied": false,
              "Count": 5,
              "Statement": null,
              "DisplayCoachMarks": false
            },
            {
              "Name": "Lotus",
              "Term": "Lotus",
              "ExtraOutputFields": {},
              "Min": null,
              "Max": null,
              "Applied": false,
              "Count": 3,
              "Statement": null,
              "DisplayCoachMarks": false
            },
            {
              "Name": "Lotus Peak",
              "Term": "Lotus Peak",
              "ExtraOutputFields": {},
              "Min": null,
              "Max": null,
              "Applied": false,
              "Count": 1,
              "Statement": null,
              "DisplayCoachMarks": false
            },
            {
              "Name": "Loving Earth",
              "Term": "Loving Earth",
              "ExtraOutputFields": {},
              "Min": null,
              "Max": null,
              "Applied": false,
              "Count": 6,
              "Statement": null,
              "DisplayCoachMarks": false
            },
            {
              "Name": "Lowan",
              "Term": "Lowan",
              "ExtraOutputFields": {},
              "Min": null,
              "Max": null,
              "Applied": false,
              "Count": 4,
              "Statement": null,
              "DisplayCoachMarks": false
            },
            {
              "Name": "Lucky",
              "Term": "Lucky",
              "ExtraOutputFields": {},
              "Min": null,
              "Max": null,
              "Applied": false,
              "Count": 16,
              "Statement": null,
              "DisplayCoachMarks": false
            }
          ]
        },
        {
          "Alphabet": "M",
          "Filters": [
            {
              "Name": "M&M's",
              "Term": "M&M's",
              "ExtraOutputFields": {},
              "Min": null,
              "Max": null,
              "Applied": false,
              "Count": 12,
              "Statement": null,
              "DisplayCoachMarks": false
            },
            {
              "Name": "Ma Ling",
              "Term": "Ma Ling",
              "ExtraOutputFields": {},
              "Min": null,
              "Max": null,
              "Applied": false,
              "Count": 1,
              "Statement": null,
              "DisplayCoachMarks": false
            },
            {
              "Name": "Macro",
              "Term": "Macro",
              "ExtraOutputFields": {},
              "Min": null,
              "Max": null,
              "Applied": false,
              "Count": 198,
              "Statement": null,
              "DisplayCoachMarks": false
            },
            {
              "Name": "Madame Flavour",
              "Term": "Madame Flavour",
              "ExtraOutputFields": {},
              "Min": null,
              "Max": null,
              "Applied": false,
              "Count": 2,
              "Statement": null,
              "DisplayCoachMarks": false
            },
            {
              "Name": "Madura",
              "Term": "Madura",
              "ExtraOutputFields": {},
              "Min": null,
              "Max": null,
              "Applied": false,
              "Count": 9,
              "Statement": null,
              "DisplayCoachMarks": false
            },
            {
              "Name": "Mae Ploy",
              "Term": "Mae Ploy",
              "ExtraOutputFields": {},
              "Min": null,
              "Max": null,
              "Applied": false,
              "Count": 2,
              "Statement": null,
              "DisplayCoachMarks": false
            },
            {
              "Name": "Maesri",
              "Term": "Maesri",
              "ExtraOutputFields": {},
              "Min": null,
              "Max": null,
              "Applied": false,
              "Count": 3,
              "Statement": null,
              "DisplayCoachMarks": false
            },
            {
              "Name": "Maggi",
              "Term": "Maggi",
              "ExtraOutputFields": {},
              "Min": null,
              "Max": null,
              "Applied": false,
              "Count": 44,
              "Statement": null,
              "DisplayCoachMarks": false
            },
            {
              "Name": "MAGGI",
              "Term": "MAGGI",
              "ExtraOutputFields": {},
              "Min": null,
              "Max": null,
              "Applied": false,
              "Count": 17,
              "Statement": null,
              "DisplayCoachMarks": false
            },
            {
              "Name": "Maggie Beer",
              "Term": "Maggie Beer",
              "ExtraOutputFields": {},
              "Min": null,
              "Max": null,
              "Applied": false,
              "Count": 6,
              "Statement": null,
              "DisplayCoachMarks": false
            },
            {
              "Name": "Maharajah's Choice",
              "Term": "Maharajah's Choice",
              "ExtraOutputFields": {},
              "Min": null,
              "Max": null,
              "Applied": false,
              "Count": 23,
              "Statement": null,
              "DisplayCoachMarks": false
            },
            {
              "Name": "Maille",
              "Term": "Maille",
              "ExtraOutputFields": {},
              "Min": null,
              "Max": null,
              "Applied": false,
              "Count": 4,
              "Statement": null,
              "DisplayCoachMarks": false
            },
            {
              "Name": "Maldon",
              "Term": "Maldon",
              "ExtraOutputFields": {},
              "Min": null,
              "Max": null,
              "Applied": false,
              "Count": 1,
              "Statement": null,
              "DisplayCoachMarks": false
            },
            {
              "Name": "Malt Star",
              "Term": "Malt Star",
              "ExtraOutputFields": {},
              "Min": null,
              "Max": null,
              "Applied": false,
              "Count": 1,
              "Statement": null,
              "DisplayCoachMarks": false
            },
            {
              "Name": "Maltesers",
              "Term": "Maltesers",
              "ExtraOutputFields": {},
              "Min": null,
              "Max": null,
              "Applied": false,
              "Count": 11,
              "Statement": null,
              "DisplayCoachMarks": false
            },
            {
              "Name": "Mama",
              "Term": "Mama",
              "ExtraOutputFields": {},
              "Min": null,
              "Max": null,
              "Applied": false,
              "Count": 7,
              "Statement": null,
              "DisplayCoachMarks": false
            },
            {
              "Name": "Mama's",
              "Term": "Mama's",
              "ExtraOutputFields": {},
              "Min": null,
              "Max": null,
              "Applied": false,
              "Count": 2,
              "Statement": null,
              "DisplayCoachMarks": false
            },
            {
              "Name": "Mamee",
              "Term": "Mamee",
              "ExtraOutputFields": {},
              "Min": null,
              "Max": null,
              "Applied": false,
              "Count": 7,
              "Statement": null,
              "DisplayCoachMarks": false
            },
            {
              "Name": "Man",
              "Term": "Man",
              "ExtraOutputFields": {},
              "Min": null,
              "Max": null,
              "Applied": false,
              "Count": 1,
              "Statement": null,
              "DisplayCoachMarks": false
            },
            {
              "Name": "Manamin",
              "Term": "Manamin",
              "ExtraOutputFields": {},
              "Min": null,
              "Max": null,
              "Applied": false,
              "Count": 2,
              "Statement": null,
              "DisplayCoachMarks": false
            },
            {
              "Name": "Manuka",
              "Term": "Manuka",
              "ExtraOutputFields": {},
              "Min": null,
              "Max": null,
              "Applied": false,
              "Count": 1,
              "Statement": null,
              "DisplayCoachMarks": false
            },
            {
              "Name": "Map",
              "Term": "Map",
              "ExtraOutputFields": {},
              "Min": null,
              "Max": null,
              "Applied": false,
              "Count": 2,
              "Statement": null,
              "DisplayCoachMarks": false
            },
            {
              "Name": "Marco Polo",
              "Term": "Marco Polo",
              "ExtraOutputFields": {},
              "Min": null,
              "Max": null,
              "Applied": false,
              "Count": 3,
              "Statement": null,
              "DisplayCoachMarks": false
            },
            {
              "Name": "Maretti",
              "Term": "Maretti",
              "ExtraOutputFields": {},
              "Min": null,
              "Max": null,
              "Applied": false,
              "Count": 3,
              "Statement": null,
              "DisplayCoachMarks": false
            },
            {
              "Name": "Marion's Kitchen",
              "Term": "Marion's Kitchen",
              "ExtraOutputFields": {},
              "Min": null,
              "Max": null,
              "Applied": false,
              "Count": 11,
              "Statement": null,
              "DisplayCoachMarks": false
            },
            {
              "Name": "Marmarabirlik",
              "Term": "Marmarabirlik",
              "ExtraOutputFields": {},
              "Min": null,
              "Max": null,
              "Applied": false,
              "Count": 1,
              "Statement": null,
              "DisplayCoachMarks": false
            },
            {
              "Name": "Mars",
              "Term": "Mars",
              "ExtraOutputFields": {},
              "Min": null,
              "Max": null,
              "Applied": false,
              "Count": 11,
              "Statement": null,
              "DisplayCoachMarks": false
            },
            {
              "Name": "Marukome",
              "Term": "Marukome",
              "ExtraOutputFields": {},
              "Min": null,
              "Max": null,
              "Applied": false,
              "Count": 2,
              "Statement": null,
              "DisplayCoachMarks": false
            },
            {
              "Name": "Marutomo",
              "Term": "Marutomo",
              "ExtraOutputFields": {},
              "Min": null,
              "Max": null,
              "Applied": false,
              "Count": 1,
              "Statement": null,
              "DisplayCoachMarks": false
            },
            {
              "Name": "Mary Mack's",
              "Term": "Mary Mack's",
              "ExtraOutputFields": {},
              "Min": null,
              "Max": null,
              "Applied": false,
              "Count": 1,
              "Statement": null,
              "DisplayCoachMarks": false
            },
            {
              "Name": "Massel",
              "Term": "Massel",
              "ExtraOutputFields": {},
              "Min": null,
              "Max": null,
              "Applied": false,
              "Count": 14,
              "Statement": null,
              "DisplayCoachMarks": false
            },
            {
              "Name": "MasterFoods",
              "Term": "MasterFoods",
              "ExtraOutputFields": {},
              "Min": null,
              "Max": null,
              "Applied": false,
              "Count": 177,
              "Statement": null,
              "DisplayCoachMarks": false
            },
            {
              "Name": "MASTERFOODS",
              "Term": "MASTERFOODS",
              "ExtraOutputFields": {},
              "Min": null,
              "Max": null,
              "Applied": false,
              "Count": 1,
              "Statement": null,
              "DisplayCoachMarks": false
            },
            {
              "Name": "Maynards",
              "Term": "Maynards",
              "ExtraOutputFields": {},
              "Min": null,
              "Max": null,
              "Applied": false,
              "Count": 2,
              "Statement": null,
              "DisplayCoachMarks": false
            },
            {
              "Name": "Mayver's",
              "Term": "Mayver's",
              "ExtraOutputFields": {},
              "Min": null,
              "Max": null,
              "Applied": false,
              "Count": 16,
              "Statement": null,
              "DisplayCoachMarks": false
            },
            {
              "Name": "Mazzetti",
              "Term": "Mazzetti",
              "ExtraOutputFields": {},
              "Min": null,
              "Max": null,
              "Applied": false,
              "Count": 5,
              "Statement": null,
              "DisplayCoachMarks": false
            },
            {
              "Name": "McClure's",
              "Term": "McClure's",
              "ExtraOutputFields": {},
              "Min": null,
              "Max": null,
              "Applied": false,
              "Count": 2,
              "Statement": null,
              "DisplayCoachMarks": false
            },
            {
              "Name": "McCormicks",
              "Term": "McCormicks",
              "ExtraOutputFields": {},
              "Min": null,
              "Max": null,
              "Applied": false,
              "Count": 25,
              "Statement": null,
              "DisplayCoachMarks": false
            },
            {
              "Name": "McDonnells",
              "Term": "McDonnells",
              "ExtraOutputFields": {},
              "Min": null,
              "Max": null,
              "Applied": false,
              "Count": 1,
              "Statement": null,
              "DisplayCoachMarks": false
            },
            {
              "Name": "McKenzie's",
              "Term": "McKenzie's",
              "ExtraOutputFields": {},
              "Min": null,
              "Max": null,
              "Applied": false,
              "Count": 48,
              "Statement": null,
              "DisplayCoachMarks": false
            },
            {
              "Name": "McVitie's",
              "Term": "McVitie's",
              "ExtraOutputFields": {},
              "Min": null,
              "Max": null,
              "Applied": false,
              "Count": 8,
              "Statement": null,
              "DisplayCoachMarks": false
            },
            {
              "Name": "MDH",
              "Term": "MDH",
              "ExtraOutputFields": {},
              "Min": null,
              "Max": null,
              "Applied": false,
              "Count": 8,
              "Statement": null,
              "DisplayCoachMarks": false
            },
            {
              "Name": "Meadowlea",
              "Term": "Meadowlea",
              "ExtraOutputFields": {},
              "Min": null,
              "Max": null,
              "Applied": false,
              "Count": 1,
              "Statement": null,
              "DisplayCoachMarks": false
            },
            {
              "Name": "Meiji",
              "Term": "Meiji",
              "ExtraOutputFields": {},
              "Min": null,
              "Max": null,
              "Applied": false,
              "Count": 2,
              "Statement": null,
              "DisplayCoachMarks": false
            },
            {
              "Name": "Mentos",
              "Term": "Mentos",
              "ExtraOutputFields": {},
              "Min": null,
              "Max": null,
              "Applied": false,
              "Count": 11,
              "Statement": null,
              "DisplayCoachMarks": false
            },
            {
              "Name": "Menz",
              "Term": "Menz",
              "ExtraOutputFields": {},
              "Min": null,
              "Max": null,
              "Applied": false,
              "Count": 1,
              "Statement": null,
              "DisplayCoachMarks": false
            },
            {
              "Name": "Messy Monkey",
              "Term": "Messy Monkey",
              "ExtraOutputFields": {},
              "Min": null,
              "Max": null,
              "Applied": false,
              "Count": 1,
              "Statement": null,
              "DisplayCoachMarks": false
            },
            {
              "Name": "Messy Monkeys",
              "Term": "Messy Monkeys",
              "ExtraOutputFields": {},
              "Min": null,
              "Max": null,
              "Applied": false,
              "Count": 7,
              "Statement": null,
              "DisplayCoachMarks": false
            },
            {
              "Name": "Mighty Spice",
              "Term": "Mighty Spice",
              "ExtraOutputFields": {},
              "Min": null,
              "Max": null,
              "Applied": false,
              "Count": 4,
              "Statement": null,
              "DisplayCoachMarks": false
            },
            {
              "Name": "Milka",
              "Term": "Milka",
              "ExtraOutputFields": {},
              "Min": null,
              "Max": null,
              "Applied": false,
              "Count": 1,
              "Statement": null,
              "DisplayCoachMarks": false
            },
            {
              "Name": "MILKY WAY",
              "Term": "MILKY WAY",
              "ExtraOutputFields": {},
              "Min": null,
              "Max": null,
              "Applied": false,
              "Count": 2,
              "Statement": null,
              "DisplayCoachMarks": false
            },
            {
              "Name": "Milo",
              "Term": "Milo",
              "ExtraOutputFields": {},
              "Min": null,
              "Max": null,
              "Applied": false,
              "Count": 2,
              "Statement": null,
              "DisplayCoachMarks": false
            },
            {
              "Name": "MINT",
              "Term": "MINT",
              "ExtraOutputFields": {},
              "Min": null,
              "Max": null,
              "Applied": false,
              "Count": 1,
              "Statement": null,
              "DisplayCoachMarks": false
            },
            {
              "Name": "Mission",
              "Term": "Mission",
              "ExtraOutputFields": {},
              "Min": null,
              "Max": null,
              "Applied": false,
              "Count": 18,
              "Statement": null,
              "DisplayCoachMarks": false
            },
            {
              "Name": "Mitani",
              "Term": "Mitani",
              "ExtraOutputFields": {},
              "Min": null,
              "Max": null,
              "Applied": false,
              "Count": 1,
              "Statement": null,
              "DisplayCoachMarks": false
            },
            {
              "Name": "Moccona",
              "Term": "Moccona",
              "ExtraOutputFields": {},
              "Min": null,
              "Max": null,
              "Applied": false,
              "Count": 44,
              "Statement": null,
              "DisplayCoachMarks": false
            },
            {
              "Name": "Mogu Mogu",
              "Term": "Mogu Mogu",
              "ExtraOutputFields": {},
              "Min": null,
              "Max": null,
              "Applied": false,
              "Count": 3,
              "Statement": null,
              "DisplayCoachMarks": false
            },
            {
              "Name": "Monini",
              "Term": "Monini",
              "ExtraOutputFields": {},
              "Min": null,
              "Max": null,
              "Applied": false,
              "Count": 4,
              "Statement": null,
              "DisplayCoachMarks": false
            },
            {
              "Name": "Moredough Kitchens",
              "Term": "Moredough Kitchens",
              "ExtraOutputFields": {},
              "Min": null,
              "Max": null,
              "Applied": false,
              "Count": 3,
              "Statement": null,
              "DisplayCoachMarks": false
            },
            {
              "Name": "Morlife",
              "Term": "Morlife",
              "ExtraOutputFields": {},
              "Min": null,
              "Max": null,
              "Applied": false,
              "Count": 4,
              "Statement": null,
              "DisplayCoachMarks": false
            },
            {
              "Name": "MORNING SUN",
              "Term": "MORNING SUN",
              "ExtraOutputFields": {},
              "Min": null,
              "Max": null,
              "Applied": false,
              "Count": 2,
              "Statement": null,
              "DisplayCoachMarks": false
            },
            {
              "Name": "Moro",
              "Term": "Moro",
              "ExtraOutputFields": {},
              "Min": null,
              "Max": null,
              "Applied": false,
              "Count": 13,
              "Statement": null,
              "DisplayCoachMarks": false
            },
            {
              "Name": "Mother Earth",
              "Term": "Mother Earth",
              "ExtraOutputFields": {},
              "Min": null,
              "Max": null,
              "Applied": false,
              "Count": 6,
              "Statement": null,
              "DisplayCoachMarks": false
            },
            {
              "Name": "Mother's Recipe",
              "Term": "Mother's Recipe",
              "ExtraOutputFields": {},
              "Min": null,
              "Max": null,
              "Applied": false,
              "Count": 6,
              "Statement": null,
              "DisplayCoachMarks": false
            },
            {
              "Name": "Mountain Valley",
              "Term": "Mountain Valley",
              "ExtraOutputFields": {},
              "Min": null,
              "Max": null,
              "Applied": false,
              "Count": 1,
              "Statement": null,
              "DisplayCoachMarks": false
            },
            {
              "Name": "Movietime",
              "Term": "Movietime",
              "ExtraOutputFields": {},
              "Min": null,
              "Max": null,
              "Applied": false,
              "Count": 1,
              "Statement": null,
              "DisplayCoachMarks": false
            },
            {
              "Name": "Mr Chen's",
              "Term": "Mr Chen's",
              "ExtraOutputFields": {},
              "Min": null,
              "Max": null,
              "Applied": false,
              "Count": 1,
              "Statement": null,
              "DisplayCoachMarks": false
            },
            {
              "Name": "Mr Hamfrey's",
              "Term": "Mr Hamfrey's",
              "ExtraOutputFields": {},
              "Min": null,
              "Max": null,
              "Applied": false,
              "Count": 1,
              "Statement": null,
              "DisplayCoachMarks": false
            },
            {
              "Name": "Mr Squid",
              "Term": "Mr Squid",
              "ExtraOutputFields": {},
              "Min": null,
              "Max": null,
              "Applied": false,
              "Count": 1,
              "Statement": null,
              "DisplayCoachMarks": false
            },
            {
              "Name": "Mrs H.S.Ball's",
              "Term": "Mrs H.S.Ball's",
              "ExtraOutputFields": {},
              "Min": null,
              "Max": null,
              "Applied": false,
              "Count": 3,
              "Statement": null,
              "DisplayCoachMarks": false
            },
            {
              "Name": "MTR",
              "Term": "MTR",
              "ExtraOutputFields": {},
              "Min": null,
              "Max": null,
              "Applied": false,
              "Count": 15,
              "Statement": null,
              "DisplayCoachMarks": false
            },
            {
              "Name": "Mug Shot",
              "Term": "Mug Shot",
              "ExtraOutputFields": {},
              "Min": null,
              "Max": null,
              "Applied": false,
              "Count": 3,
              "Statement": null,
              "DisplayCoachMarks": false
            },
            {
              "Name": "Munch",
              "Term": "Munch",
              "ExtraOutputFields": {},
              "Min": null,
              "Max": null,
              "Applied": false,
              "Count": 3,
              "Statement": null,
              "DisplayCoachMarks": false
            },
            {
              "Name": "Munchme",
              "Term": "Munchme",
              "ExtraOutputFields": {},
              "Min": null,
              "Max": null,
              "Applied": false,
              "Count": 6,
              "Statement": null,
              "DisplayCoachMarks": false
            },
            {
              "Name": "Murray River",
              "Term": "Murray River",
              "ExtraOutputFields": {},
              "Min": null,
              "Max": null,
              "Applied": false,
              "Count": 1,
              "Statement": null,
              "DisplayCoachMarks": false
            },
            {
              "Name": "Murray River Organics",
              "Term": "Murray River Organics",
              "ExtraOutputFields": {},
              "Min": null,
              "Max": null,
              "Applied": false,
              "Count": 3,
              "Statement": null,
              "DisplayCoachMarks": false
            },
            {
              "Name": "Mutti",
              "Term": "Mutti",
              "ExtraOutputFields": {},
              "Min": null,
              "Max": null,
              "Applied": false,
              "Count": 13,
              "Statement": null,
              "DisplayCoachMarks": false
            },
            {
              "Name": "Myojo",
              "Term": "Myojo",
              "ExtraOutputFields": {},
              "Min": null,
              "Max": null,
              "Applied": false,
              "Count": 2,
              "Statement": null,
              "DisplayCoachMarks": false
            }
          ]
        },
        {
          "Alphabet": "N",
          "Filters": [
            {
              "Name": "Nabisco",
              "Term": "Nabisco",
              "ExtraOutputFields": {},
              "Min": null,
              "Max": null,
              "Applied": false,
              "Count": 1,
              "Statement": null,
              "DisplayCoachMarks": false
            },
            {
              "Name": "Nana",
              "Term": "Nana",
              "ExtraOutputFields": {},
              "Min": null,
              "Max": null,
              "Applied": false,
              "Count": 4,
              "Statement": null,
              "DisplayCoachMarks": false
            },
            {
              "Name": "Nando's",
              "Term": "Nando's",
              "ExtraOutputFields": {},
              "Min": null,
              "Max": null,
              "Applied": false,
              "Count": 16,
              "Statement": null,
              "DisplayCoachMarks": false
            },
            {
              "Name": "Natural",
              "Term": "Natural",
              "ExtraOutputFields": {},
              "Min": null,
              "Max": null,
              "Applied": false,
              "Count": 8,
              "Statement": null,
              "DisplayCoachMarks": false
            },
            {
              "Name": "Naturally Good",
              "Term": "Naturally Good",
              "ExtraOutputFields": {},
              "Min": null,
              "Max": null,
              "Applied": false,
              "Count": 3,
              "Statement": null,
              "DisplayCoachMarks": false
            },
            {
              "Name": "Nature First",
              "Term": "Nature First",
              "ExtraOutputFields": {},
              "Min": null,
              "Max": null,
              "Applied": false,
              "Count": 1,
              "Statement": null,
              "DisplayCoachMarks": false
            },
            {
              "Name": "Nature Nate's",
              "Term": "Nature Nate's",
              "ExtraOutputFields": {},
              "Min": null,
              "Max": null,
              "Applied": false,
              "Count": 3,
              "Statement": null,
              "DisplayCoachMarks": false
            },
            {
              "Name": "Nature Valley",
              "Term": "Nature Valley",
              "ExtraOutputFields": {},
              "Min": null,
              "Max": null,
              "Applied": false,
              "Count": 9,
              "Statement": null,
              "DisplayCoachMarks": false
            },
            {
              "Name": "Nature's Cuppa",
              "Term": "Nature's Cuppa",
              "ExtraOutputFields": {},
              "Min": null,
              "Max": null,
              "Applied": false,
              "Count": 5,
              "Statement": null,
              "DisplayCoachMarks": false
            },
            {
              "Name": "Nature's Earth",
              "Term": "Nature's Earth",
              "ExtraOutputFields": {},
              "Min": null,
              "Max": null,
              "Applied": false,
              "Count": 1,
              "Statement": null,
              "DisplayCoachMarks": false
            },
            {
              "Name": "Natvia",
              "Term": "Natvia",
              "ExtraOutputFields": {},
              "Min": null,
              "Max": null,
              "Applied": false,
              "Count": 10,
              "Statement": null,
              "DisplayCoachMarks": false
            },
            {
              "Name": "Negrita",
              "Term": "Negrita",
              "ExtraOutputFields": {},
              "Min": null,
              "Max": null,
              "Applied": false,
              "Count": 1,
              "Statement": null,
              "DisplayCoachMarks": false
            },
            {
              "Name": "Ner Mitzvah",
              "Term": "Ner Mitzvah",
              "ExtraOutputFields": {},
              "Min": null,
              "Max": null,
              "Applied": false,
              "Count": 1,
              "Statement": null,
              "DisplayCoachMarks": false
            },
            {
              "Name": "Nerada",
              "Term": "Nerada",
              "ExtraOutputFields": {},
              "Min": null,
              "Max": null,
              "Applied": false,
              "Count": 11,
              "Statement": null,
              "DisplayCoachMarks": false
            },
            {
              "Name": "Nerzion",
              "Term": "Nerzion",
              "ExtraOutputFields": {},
              "Min": null,
              "Max": null,
              "Applied": false,
              "Count": 1,
              "Statement": null,
              "DisplayCoachMarks": false
            },
            {
              "Name": "Nescafe",
              "Term": "Nescafe",
              "ExtraOutputFields": {},
              "Min": null,
              "Max": null,
              "Applied": false,
              "Count": 39,
              "Statement": null,
              "DisplayCoachMarks": false
            },
            {
              "Name": "NESCAFE",
              "Term": "NESCAFE",
              "ExtraOutputFields": {},
              "Min": null,
              "Max": null,
              "Applied": false,
              "Count": 6,
              "Statement": null,
              "DisplayCoachMarks": false
            },
            {
              "Name": "Nesquik",
              "Term": "Nesquik",
              "ExtraOutputFields": {},
              "Min": null,
              "Max": null,
              "Applied": false,
              "Count": 1,
              "Statement": null,
              "DisplayCoachMarks": false
            },
            {
              "Name": "Nestle",
              "Term": "Nestle",
              "ExtraOutputFields": {},
              "Min": null,
              "Max": null,
              "Applied": false,
              "Count": 75,
              "Statement": null,
              "DisplayCoachMarks": false
            },
            {
              "Name": "NESTLE",
              "Term": "NESTLE",
              "ExtraOutputFields": {},
              "Min": null,
              "Max": null,
              "Applied": false,
              "Count": 6,
              "Statement": null,
              "DisplayCoachMarks": false
            },
            {
              "Name": "Nibblish",
              "Term": "Nibblish",
              "ExtraOutputFields": {},
              "Min": null,
              "Max": null,
              "Applied": false,
              "Count": 2,
              "Statement": null,
              "DisplayCoachMarks": false
            },
            {
              "Name": "Nice & Natural",
              "Term": "Nice & Natural",
              "ExtraOutputFields": {},
              "Min": null,
              "Max": null,
              "Applied": false,
              "Count": 19,
              "Statement": null,
              "DisplayCoachMarks": false
            },
            {
              "Name": "Nisshin",
              "Term": "Nisshin",
              "ExtraOutputFields": {},
              "Min": null,
              "Max": null,
              "Applied": false,
              "Count": 1,
              "Statement": null,
              "DisplayCoachMarks": false
            },
            {
              "Name": "Nissin",
              "Term": "Nissin",
              "ExtraOutputFields": {},
              "Min": null,
              "Max": null,
              "Applied": false,
              "Count": 9,
              "Statement": null,
              "DisplayCoachMarks": false
            },
            {
              "Name": "Niulife",
              "Term": "Niulife",
              "ExtraOutputFields": {},
              "Min": null,
              "Max": null,
              "Applied": false,
              "Count": 1,
              "Statement": null,
              "DisplayCoachMarks": false
            },
            {
              "Name": "No Nasties",
              "Term": "No Nasties",
              "ExtraOutputFields": {},
              "Min": null,
              "Max": null,
              "Applied": false,
              "Count": 4,
              "Statement": null,
              "DisplayCoachMarks": false
            },
            {
              "Name": "Nobby's",
              "Term": "Nobby's",
              "ExtraOutputFields": {},
              "Min": null,
              "Max": null,
              "Applied": false,
              "Count": 7,
              "Statement": null,
              "DisplayCoachMarks": false
            },
            {
              "Name": "Noble",
              "Term": "Noble",
              "ExtraOutputFields": {},
              "Min": null,
              "Max": null,
              "Applied": false,
              "Count": 4,
              "Statement": null,
              "DisplayCoachMarks": false
            },
            {
              "Name": "Nola Ouma",
              "Term": "Nola Ouma",
              "ExtraOutputFields": {},
              "Min": null,
              "Max": null,
              "Applied": false,
              "Count": 1,
              "Statement": null,
              "DisplayCoachMarks": false
            },
            {
              "Name": "Nong Shim",
              "Term": "Nong Shim",
              "ExtraOutputFields": {},
              "Min": null,
              "Max": null,
              "Applied": false,
              "Count": 11,
              "Statement": null,
              "DisplayCoachMarks": false
            },
            {
              "Name": "Norganic",
              "Term": "Norganic",
              "ExtraOutputFields": {},
              "Min": null,
              "Max": null,
              "Applied": false,
              "Count": 1,
              "Statement": null,
              "DisplayCoachMarks": false
            },
            {
              "Name": "Noshu",
              "Term": "Noshu",
              "ExtraOutputFields": {},
              "Min": null,
              "Max": null,
              "Applied": false,
              "Count": 9,
              "Statement": null,
              "DisplayCoachMarks": false
            },
            {
              "Name": "Noya",
              "Term": "Noya",
              "ExtraOutputFields": {},
              "Min": null,
              "Max": null,
              "Applied": false,
              "Count": 5,
              "Statement": null,
              "DisplayCoachMarks": false
            },
            {
              "Name": "Nuh'Un",
              "Term": "Nuh'Un",
              "ExtraOutputFields": {},
              "Min": null,
              "Max": null,
              "Applied": false,
              "Count": 1,
              "Statement": null,
              "DisplayCoachMarks": false
            },
            {
              "Name": "Nutella",
              "Term": "Nutella",
              "ExtraOutputFields": {},
              "Min": null,
              "Max": null,
              "Applied": false,
              "Count": 8,
              "Statement": null,
              "DisplayCoachMarks": false
            },
            {
              "Name": "Nutino",
              "Term": "Nutino",
              "ExtraOutputFields": {},
              "Min": null,
              "Max": null,
              "Applied": false,
              "Count": 3,
              "Statement": null,
              "DisplayCoachMarks": false
            },
            {
              "Name": "Nuttvia",
              "Term": "Nuttvia",
              "ExtraOutputFields": {},
              "Min": null,
              "Max": null,
              "Applied": false,
              "Count": 1,
              "Statement": null,
              "DisplayCoachMarks": false
            },
            {
              "Name": "Nutty Bruce",
              "Term": "Nutty Bruce",
              "ExtraOutputFields": {},
              "Min": null,
              "Max": null,
              "Applied": false,
              "Count": 5,
              "Statement": null,
              "DisplayCoachMarks": false
            }
          ]
        },
        {
          "Alphabet": "O",
          "Filters": [
            {
              "Name": "OB Finest",
              "Term": "OB Finest",
              "ExtraOutputFields": {},
              "Min": null,
              "Max": null,
              "Applied": false,
              "Count": 5,
              "Statement": null,
              "DisplayCoachMarks": false
            },
            {
              "Name": "Obap",
              "Term": "Obap",
              "ExtraOutputFields": {},
              "Min": null,
              "Max": null,
              "Applied": false,
              "Count": 2,
              "Statement": null,
              "DisplayCoachMarks": false
            },
            {
              "Name": "Obento",
              "Term": "Obento",
              "ExtraOutputFields": {},
              "Min": null,
              "Max": null,
              "Applied": false,
              "Count": 16,
              "Statement": null,
              "DisplayCoachMarks": false
            },
            {
              "Name": "Ocean Spray",
              "Term": "Ocean Spray",
              "ExtraOutputFields": {},
              "Min": null,
              "Max": null,
              "Applied": false,
              "Count": 7,
              "Statement": null,
              "DisplayCoachMarks": false
            },
            {
              "Name": "Odlums",
              "Term": "Odlums",
              "ExtraOutputFields": {},
              "Min": null,
              "Max": null,
              "Applied": false,
              "Count": 1,
              "Statement": null,
              "DisplayCoachMarks": false
            },
            {
              "Name": "Off the Eaten Path",
              "Term": "Off the Eaten Path",
              "ExtraOutputFields": {},
              "Min": null,
              "Max": null,
              "Applied": false,
              "Count": 3,
              "Statement": null,
              "DisplayCoachMarks": false
            },
            {
              "Name": "OKF",
              "Term": "OKF",
              "ExtraOutputFields": {},
              "Min": null,
              "Max": null,
              "Applied": false,
              "Count": 1,
              "Statement": null,
              "DisplayCoachMarks": false
            },
            {
              "Name": "Oki",
              "Term": "Oki",
              "ExtraOutputFields": {},
              "Min": null,
              "Max": null,
              "Applied": false,
              "Count": 1,
              "Statement": null,
              "DisplayCoachMarks": false
            },
            {
              "Name": "Old El Paso",
              "Term": "Old El Paso",
              "ExtraOutputFields": {},
              "Min": null,
              "Max": null,
              "Applied": false,
              "Count": 49,
              "Statement": null,
              "DisplayCoachMarks": false
            },
            {
              "Name": "Old Town",
              "Term": "Old Town",
              "ExtraOutputFields": {},
              "Min": null,
              "Max": null,
              "Applied": false,
              "Count": 2,
              "Statement": null,
              "DisplayCoachMarks": false
            },
            {
              "Name": "Oli & Vine",
              "Term": "Oli & Vine",
              "ExtraOutputFields": {},
              "Min": null,
              "Max": null,
              "Applied": false,
              "Count": 7,
              "Statement": null,
              "DisplayCoachMarks": false
            },
            {
              "Name": "Olina's",
              "Term": "Olina's",
              "ExtraOutputFields": {},
              "Min": null,
              "Max": null,
              "Applied": false,
              "Count": 20,
              "Statement": null,
              "DisplayCoachMarks": false
            },
            {
              "Name": "Olivado",
              "Term": "Olivado",
              "ExtraOutputFields": {},
              "Min": null,
              "Max": null,
              "Applied": false,
              "Count": 1,
              "Statement": null,
              "DisplayCoachMarks": false
            },
            {
              "Name": "Olive Green Organics",
              "Term": "Olive Green Organics",
              "ExtraOutputFields": {},
              "Min": null,
              "Max": null,
              "Applied": false,
              "Count": 6,
              "Statement": null,
              "DisplayCoachMarks": false
            },
            {
              "Name": "Olympian",
              "Term": "Olympian",
              "ExtraOutputFields": {},
              "Min": null,
              "Max": null,
              "Applied": false,
              "Count": 1,
              "Statement": null,
              "DisplayCoachMarks": false
            },
            {
              "Name": "One Night In Mexico",
              "Term": "One Night In Mexico",
              "ExtraOutputFields": {},
              "Min": null,
              "Max": null,
              "Applied": false,
              "Count": 9,
              "Statement": null,
              "DisplayCoachMarks": false
            },
            {
              "Name": "Only Organic",
              "Term": "Only Organic",
              "ExtraOutputFields": {},
              "Min": null,
              "Max": null,
              "Applied": false,
              "Count": 1,
              "Statement": null,
              "DisplayCoachMarks": false
            },
            {
              "Name": "Oreo",
              "Term": "Oreo",
              "ExtraOutputFields": {},
              "Min": null,
              "Max": null,
              "Applied": false,
              "Count": 17,
              "Statement": null,
              "DisplayCoachMarks": false
            },
            {
              "Name": "Organic Mountain",
              "Term": "Organic Mountain",
              "ExtraOutputFields": {},
              "Min": null,
              "Max": null,
              "Applied": false,
              "Count": 1,
              "Statement": null,
              "DisplayCoachMarks": false
            },
            {
              "Name": "Orgran",
              "Term": "Orgran",
              "ExtraOutputFields": {},
              "Min": null,
              "Max": null,
              "Applied": false,
              "Count": 7,
              "Statement": null,
              "DisplayCoachMarks": false
            },
            {
              "Name": "Osem",
              "Term": "Osem",
              "ExtraOutputFields": {},
              "Min": null,
              "Max": null,
              "Applied": false,
              "Count": 10,
              "Statement": null,
              "DisplayCoachMarks": false
            },
            {
              "Name": "Otafuku",
              "Term": "Otafuku",
              "ExtraOutputFields": {},
              "Min": null,
              "Max": null,
              "Applied": false,
              "Count": 2,
              "Statement": null,
              "DisplayCoachMarks": false
            },
            {
              "Name": "Ottogi",
              "Term": "Ottogi",
              "ExtraOutputFields": {},
              "Min": null,
              "Max": null,
              "Applied": false,
              "Count": 5,
              "Statement": null,
              "DisplayCoachMarks": false
            },
            {
              "Name": "Ouma",
              "Term": "Ouma",
              "ExtraOutputFields": {},
              "Min": null,
              "Max": null,
              "Applied": false,
              "Count": 2,
              "Statement": null,
              "DisplayCoachMarks": false
            },
            {
              "Name": "Our Mate",
              "Term": "Our Mate",
              "ExtraOutputFields": {},
              "Min": null,
              "Max": null,
              "Applied": false,
              "Count": 1,
              "Statement": null,
              "DisplayCoachMarks": false
            },
            {
              "Name": "Ovaltine",
              "Term": "Ovaltine",
              "ExtraOutputFields": {},
              "Min": null,
              "Max": null,
              "Applied": false,
              "Count": 1,
              "Statement": null,
              "DisplayCoachMarks": false
            },
            {
              "Name": "Oxfam Fair",
              "Term": "Oxfam Fair",
              "ExtraOutputFields": {},
              "Min": null,
              "Max": null,
              "Applied": false,
              "Count": 2,
              "Statement": null,
              "DisplayCoachMarks": false
            },
            {
              "Name": "Oxo",
              "Term": "Oxo",
              "ExtraOutputFields": {},
              "Min": null,
              "Max": null,
              "Applied": false,
              "Count": 2,
              "Statement": null,
              "DisplayCoachMarks": false
            },
            {
              "Name": "Ozesauce",
              "Term": "Ozesauce",
              "ExtraOutputFields": {},
              "Min": null,
              "Max": null,
              "Applied": false,
              "Count": 1,
              "Statement": null,
              "DisplayCoachMarks": false
            }
          ]
        },
        {
          "Alphabet": "P",
          "Filters": [
            {
              "Name": "Pacific",
              "Term": "Pacific",
              "ExtraOutputFields": {},
              "Min": null,
              "Max": null,
              "Applied": false,
              "Count": 1,
              "Statement": null,
              "DisplayCoachMarks": false
            },
            {
              "Name": "Paldo",
              "Term": "Paldo",
              "ExtraOutputFields": {},
              "Min": null,
              "Max": null,
              "Applied": false,
              "Count": 3,
              "Statement": null,
              "DisplayCoachMarks": false
            },
            {
              "Name": "Palirria",
              "Term": "Palirria",
              "ExtraOutputFields": {},
              "Min": null,
              "Max": null,
              "Applied": false,
              "Count": 2,
              "Statement": null,
              "DisplayCoachMarks": false
            },
            {
              "Name": "Pana",
              "Term": "Pana",
              "ExtraOutputFields": {},
              "Min": null,
              "Max": null,
              "Applied": false,
              "Count": 10,
              "Statement": null,
              "DisplayCoachMarks": false
            },
            {
              "Name": "Pandaroo",
              "Term": "Pandaroo",
              "ExtraOutputFields": {},
              "Min": null,
              "Max": null,
              "Applied": false,
              "Count": 22,
              "Statement": null,
              "DisplayCoachMarks": false
            },
            {
              "Name": "Pantai",
              "Term": "Pantai",
              "ExtraOutputFields": {},
              "Min": null,
              "Max": null,
              "Applied": false,
              "Count": 1,
              "Statement": null,
              "DisplayCoachMarks": false
            },
            {
              "Name": "Pantalica",
              "Term": "Pantalica",
              "ExtraOutputFields": {},
              "Min": null,
              "Max": null,
              "Applied": false,
              "Count": 1,
              "Statement": null,
              "DisplayCoachMarks": false
            },
            {
              "Name": "Parachute",
              "Term": "Parachute",
              "ExtraOutputFields": {},
              "Min": null,
              "Max": null,
              "Applied": false,
              "Count": 1,
              "Statement": null,
              "DisplayCoachMarks": false
            },
            {
              "Name": "Paradise Fancies",
              "Term": "Paradise Fancies",
              "ExtraOutputFields": {},
              "Min": null,
              "Max": null,
              "Applied": false,
              "Count": 1,
              "Statement": null,
              "DisplayCoachMarks": false
            },
            {
              "Name": "Paradise Kidz",
              "Term": "Paradise Kidz",
              "ExtraOutputFields": {},
              "Min": null,
              "Max": null,
              "Applied": false,
              "Count": 1,
              "Statement": null,
              "DisplayCoachMarks": false
            },
            {
              "Name": "Paradise Plain",
              "Term": "Paradise Plain",
              "ExtraOutputFields": {},
              "Min": null,
              "Max": null,
              "Applied": false,
              "Count": 1,
              "Statement": null,
              "DisplayCoachMarks": false
            },
            {
              "Name": "Paramount",
              "Term": "Paramount",
              "ExtraOutputFields": {},
              "Min": null,
              "Max": null,
              "Applied": false,
              "Count": 5,
              "Statement": null,
              "DisplayCoachMarks": false
            },
            {
              "Name": "Parker's",
              "Term": "Parker's",
              "ExtraOutputFields": {},
              "Min": null,
              "Max": null,
              "Applied": false,
              "Count": 3,
              "Statement": null,
              "DisplayCoachMarks": false
            },
            {
              "Name": "Parle",
              "Term": "Parle",
              "ExtraOutputFields": {},
              "Min": null,
              "Max": null,
              "Applied": false,
              "Count": 4,
              "Statement": null,
              "DisplayCoachMarks": false
            },
            {
              "Name": "Pascall",
              "Term": "Pascall",
              "ExtraOutputFields": {},
              "Min": null,
              "Max": null,
              "Applied": false,
              "Count": 5,
              "Statement": null,
              "DisplayCoachMarks": false
            },
            {
              "Name": "Passage To",
              "Term": "Passage To",
              "ExtraOutputFields": {},
              "Min": null,
              "Max": null,
              "Applied": false,
              "Count": 24,
              "Statement": null,
              "DisplayCoachMarks": false
            },
            {
              "Name": "Patak's",
              "Term": "Patak's",
              "ExtraOutputFields": {},
              "Min": null,
              "Max": null,
              "Applied": false,
              "Count": 26,
              "Statement": null,
              "DisplayCoachMarks": false
            },
            {
              "Name": "Paul Newman's",
              "Term": "Paul Newman's",
              "ExtraOutputFields": {},
              "Min": null,
              "Max": null,
              "Applied": false,
              "Count": 4,
              "Statement": null,
              "DisplayCoachMarks": false
            },
            {
              "Name": "Paxo",
              "Term": "Paxo",
              "ExtraOutputFields": {},
              "Min": null,
              "Max": null,
              "Applied": false,
              "Count": 1,
              "Statement": null,
              "DisplayCoachMarks": false
            },
            {
              "Name": "Paynes Poppets",
              "Term": "Paynes Poppets",
              "ExtraOutputFields": {},
              "Min": null,
              "Max": null,
              "Applied": false,
              "Count": 1,
              "Statement": null,
              "DisplayCoachMarks": false
            },
            {
              "Name": "PB2",
              "Term": "PB2",
              "ExtraOutputFields": {},
              "Min": null,
              "Max": null,
              "Applied": false,
              "Count": 1,
              "Statement": null,
              "DisplayCoachMarks": false
            },
            {
              "Name": "Pearl River Bridge",
              "Term": "Pearl River Bridge",
              "ExtraOutputFields": {},
              "Min": null,
              "Max": null,
              "Applied": false,
              "Count": 4,
              "Statement": null,
              "DisplayCoachMarks": false
            },
            {
              "Name": "Peckish",
              "Term": "Peckish",
              "ExtraOutputFields": {},
              "Min": null,
              "Max": null,
              "Applied": false,
              "Count": 11,
              "Statement": null,
              "DisplayCoachMarks": false
            },
            {
              "Name": "Peck's",
              "Term": "Peck's",
              "ExtraOutputFields": {},
              "Min": null,
              "Max": null,
              "Applied": false,
              "Count": 3,
              "Statement": null,
              "DisplayCoachMarks": false
            },
            {
              "Name": "Peppa Pig",
              "Term": "Peppa Pig",
              "ExtraOutputFields": {},
              "Min": null,
              "Max": null,
              "Applied": false,
              "Count": 1,
              "Statement": null,
              "DisplayCoachMarks": false
            },
            {
              "Name": "Peyman",
              "Term": "Peyman",
              "ExtraOutputFields": {},
              "Min": null,
              "Max": null,
              "Applied": false,
              "Count": 1,
              "Statement": null,
              "DisplayCoachMarks": false
            },
            {
              "Name": "PG Tips",
              "Term": "PG Tips",
              "ExtraOutputFields": {},
              "Min": null,
              "Max": null,
              "Applied": false,
              "Count": 1,
              "Statement": null,
              "DisplayCoachMarks": false
            },
            {
              "Name": "Philadelphia",
              "Term": "Philadelphia",
              "ExtraOutputFields": {},
              "Min": null,
              "Max": null,
              "Applied": false,
              "Count": 2,
              "Statement": null,
              "DisplayCoachMarks": false
            },
            {
              "Name": "Pico",
              "Term": "Pico",
              "ExtraOutputFields": {},
              "Min": null,
              "Max": null,
              "Applied": false,
              "Count": 5,
              "Statement": null,
              "DisplayCoachMarks": false
            },
            {
              "Name": "Picon",
              "Term": "Picon",
              "ExtraOutputFields": {},
              "Min": null,
              "Max": null,
              "Applied": false,
              "Count": 1,
              "Statement": null,
              "DisplayCoachMarks": false
            },
            {
              "Name": "Pic's",
              "Term": "Pic's",
              "ExtraOutputFields": {},
              "Min": null,
              "Max": null,
              "Applied": false,
              "Count": 1,
              "Statement": null,
              "DisplayCoachMarks": false
            },
            {
              "Name": "Plant Life Food Co.",
              "Term": "Plant Life Food Co.",
              "ExtraOutputFields": {},
              "Min": null,
              "Max": null,
              "Applied": false,
              "Count": 5,
              "Statement": null,
              "DisplayCoachMarks": false
            },
            {
              "Name": "Plantitude",
              "Term": "Plantitude",
              "ExtraOutputFields": {},
              "Min": null,
              "Max": null,
              "Applied": false,
              "Count": 3,
              "Statement": null,
              "DisplayCoachMarks": false
            },
            {
              "Name": "Plenty",
              "Term": "Plenty",
              "ExtraOutputFields": {},
              "Min": null,
              "Max": null,
              "Applied": false,
              "Count": 5,
              "Statement": null,
              "DisplayCoachMarks": false
            },
            {
              "Name": "Plumrose",
              "Term": "Plumrose",
              "ExtraOutputFields": {},
              "Min": null,
              "Max": null,
              "Applied": false,
              "Count": 5,
              "Statement": null,
              "DisplayCoachMarks": false
            },
            {
              "Name": "Pocky",
              "Term": "Pocky",
              "ExtraOutputFields": {},
              "Min": null,
              "Max": null,
              "Applied": false,
              "Count": 2,
              "Statement": null,
              "DisplayCoachMarks": false
            },
            {
              "Name": "Podravka",
              "Term": "Podravka",
              "ExtraOutputFields": {},
              "Min": null,
              "Max": null,
              "Applied": false,
              "Count": 8,
              "Statement": null,
              "DisplayCoachMarks": false
            },
            {
              "Name": "Poonsin",
              "Term": "Poonsin",
              "ExtraOutputFields": {},
              "Min": null,
              "Max": null,
              "Applied": false,
              "Count": 2,
              "Statement": null,
              "DisplayCoachMarks": false
            },
            {
              "Name": "Poppin",
              "Term": "Poppin",
              "ExtraOutputFields": {},
              "Min": null,
              "Max": null,
              "Applied": false,
              "Count": 9,
              "Statement": null,
              "DisplayCoachMarks": false
            },
            {
              "Name": "Pot Noodle",
              "Term": "Pot Noodle",
              "ExtraOutputFields": {},
              "Min": null,
              "Max": null,
              "Applied": false,
              "Count": 1,
              "Statement": null,
              "DisplayCoachMarks": false
            },
            {
              "Name": "Pot Noodles",
              "Term": "Pot Noodles",
              "ExtraOutputFields": {},
              "Min": null,
              "Max": null,
              "Applied": false,
              "Count": 1,
              "Statement": null,
              "DisplayCoachMarks": false
            },
            {
              "Name": "Praise",
              "Term": "Praise",
              "ExtraOutputFields": {},
              "Min": null,
              "Max": null,
              "Applied": false,
              "Count": 43,
              "Statement": null,
              "DisplayCoachMarks": false
            },
            {
              "Name": "Premium",
              "Term": "Premium",
              "ExtraOutputFields": {},
              "Min": null,
              "Max": null,
              "Applied": false,
              "Count": 1,
              "Statement": null,
              "DisplayCoachMarks": false
            },
            {
              "Name": "Pressed Purity",
              "Term": "Pressed Purity",
              "ExtraOutputFields": {},
              "Min": null,
              "Max": null,
              "Applied": false,
              "Count": 1,
              "Statement": null,
              "DisplayCoachMarks": false
            },
            {
              "Name": "Pri Vayerek",
              "Term": "Pri Vayerek",
              "ExtraOutputFields": {},
              "Min": null,
              "Max": null,
              "Applied": false,
              "Count": 1,
              "Statement": null,
              "DisplayCoachMarks": false
            },
            {
              "Name": "Prima",
              "Term": "Prima",
              "ExtraOutputFields": {},
              "Min": null,
              "Max": null,
              "Applied": false,
              "Count": 2,
              "Statement": null,
              "DisplayCoachMarks": false
            },
            {
              "Name": "Pringles",
              "Term": "Pringles",
              "ExtraOutputFields": {},
              "Min": null,
              "Max": null,
              "Applied": false,
              "Count": 13,
              "Statement": null,
              "DisplayCoachMarks": false
            },
            {
              "Name": "Prochef",
              "Term": "Prochef",
              "ExtraOutputFields": {},
              "Min": null,
              "Max": null,
              "Applied": false,
              "Count": 1,
              "Statement": null,
              "DisplayCoachMarks": false
            },
            {
              "Name": "Protea Foods",
              "Term": "Protea Foods",
              "ExtraOutputFields": {},
              "Min": null,
              "Max": null,
              "Applied": false,
              "Count": 9,
              "Statement": null,
              "DisplayCoachMarks": false
            },
            {
              "Name": "Puck",
              "Term": "Puck",
              "ExtraOutputFields": {},
              "Min": null,
              "Max": null,
              "Applied": false,
              "Count": 1,
              "Statement": null,
              "DisplayCoachMarks": false
            },
            {
              "Name": "Pukka",
              "Term": "Pukka",
              "ExtraOutputFields": {},
              "Min": null,
              "Max": null,
              "Applied": false,
              "Count": 3,
              "Statement": null,
              "DisplayCoachMarks": false
            },
            {
              "Name": "Pureharvest",
              "Term": "Pureharvest",
              "ExtraOutputFields": {},
              "Min": null,
              "Max": null,
              "Applied": false,
              "Count": 2,
              "Statement": null,
              "DisplayCoachMarks": false
            },
            {
              "Name": "Puresoul",
              "Term": "Puresoul",
              "ExtraOutputFields": {},
              "Min": null,
              "Max": null,
              "Applied": false,
              "Count": 4,
              "Statement": null,
              "DisplayCoachMarks": false
            }
          ]
        },
        {
          "Alphabet": "Q",
          "Filters": [
            {
              "Name": "Qiushi",
              "Term": "Qiushi",
              "ExtraOutputFields": {},
              "Min": null,
              "Max": null,
              "Applied": false,
              "Count": 1,
              "Statement": null,
              "DisplayCoachMarks": false
            },
            {
              "Name": "Quarter Past",
              "Term": "Quarter Past",
              "ExtraOutputFields": {},
              "Min": null,
              "Max": null,
              "Applied": false,
              "Count": 2,
              "Statement": null,
              "DisplayCoachMarks": false
            },
            {
              "Name": "Queen",
              "Term": "Queen",
              "ExtraOutputFields": {},
              "Min": null,
              "Max": null,
              "Applied": false,
              "Count": 51,
              "Statement": null,
              "DisplayCoachMarks": false
            },
            {
              "Name": "Queen Diamond",
              "Term": "Queen Diamond",
              "ExtraOutputFields": {},
              "Min": null,
              "Max": null,
              "Applied": false,
              "Count": 1,
              "Statement": null,
              "DisplayCoachMarks": false
            },
            {
              "Name": "Quick-Eze",
              "Term": "Quick-Eze",
              "ExtraOutputFields": {},
              "Min": null,
              "Max": null,
              "Applied": false,
              "Count": 2,
              "Statement": null,
              "DisplayCoachMarks": false
            }
          ]
        },
        {
          "Alphabet": "R",
          "Filters": [
            {
              "Name": "Raffaello",
              "Term": "Raffaello",
              "ExtraOutputFields": {},
              "Min": null,
              "Max": null,
              "Applied": false,
              "Count": 2,
              "Statement": null,
              "DisplayCoachMarks": false
            },
            {
              "Name": "Raguletto",
              "Term": "Raguletto",
              "ExtraOutputFields": {},
              "Min": null,
              "Max": null,
              "Applied": false,
              "Count": 2,
              "Statement": null,
              "DisplayCoachMarks": false
            },
            {
              "Name": "Raro",
              "Term": "Raro",
              "ExtraOutputFields": {},
              "Min": null,
              "Max": null,
              "Applied": false,
              "Count": 1,
              "Statement": null,
              "DisplayCoachMarks": false
            },
            {
              "Name": "Raw C",
              "Term": "Raw C",
              "ExtraOutputFields": {},
              "Min": null,
              "Max": null,
              "Applied": false,
              "Count": 1,
              "Statement": null,
              "DisplayCoachMarks": false
            },
            {
              "Name": "Raw Earth",
              "Term": "Raw Earth",
              "ExtraOutputFields": {},
              "Min": null,
              "Max": null,
              "Applied": false,
              "Count": 2,
              "Statement": null,
              "DisplayCoachMarks": false
            },
            {
              "Name": "Real Foods",
              "Term": "Real Foods",
              "ExtraOutputFields": {},
              "Min": null,
              "Max": null,
              "Applied": false,
              "Count": 6,
              "Statement": null,
              "DisplayCoachMarks": false
            },
            {
              "Name": "Real Good Food",
              "Term": "Real Good Food",
              "ExtraOutputFields": {},
              "Min": null,
              "Max": null,
              "Applied": false,
              "Count": 1,
              "Statement": null,
              "DisplayCoachMarks": false
            },
            {
              "Name": "Red Island",
              "Term": "Red Island",
              "ExtraOutputFields": {},
              "Min": null,
              "Max": null,
              "Applied": false,
              "Count": 6,
              "Statement": null,
              "DisplayCoachMarks": false
            },
            {
              "Name": "Red Kellys",
              "Term": "Red Kellys",
              "ExtraOutputFields": {},
              "Min": null,
              "Max": null,
              "Applied": false,
              "Count": 3,
              "Statement": null,
              "DisplayCoachMarks": false
            },
            {
              "Name": "Red Rock Deli",
              "Term": "Red Rock Deli",
              "ExtraOutputFields": {},
              "Min": null,
              "Max": null,
              "Applied": false,
              "Count": 14,
              "Statement": null,
              "DisplayCoachMarks": false
            },
            {
              "Name": "Red Seal",
              "Term": "Red Seal",
              "ExtraOutputFields": {},
              "Min": null,
              "Max": null,
              "Applied": false,
              "Count": 3,
              "Statement": null,
              "DisplayCoachMarks": false
            },
            {
              "Name": "Red Tulip",
              "Term": "Red Tulip",
              "ExtraOutputFields": {},
              "Min": null,
              "Max": null,
              "Applied": false,
              "Count": 2,
              "Statement": null,
              "DisplayCoachMarks": false
            },
            {
              "Name": "Reese's",
              "Term": "Reese's",
              "ExtraOutputFields": {},
              "Min": null,
              "Max": null,
              "Applied": false,
              "Count": 3,
              "Statement": null,
              "DisplayCoachMarks": false
            },
            {
              "Name": "Republica",
              "Term": "Republica",
              "ExtraOutputFields": {},
              "Min": null,
              "Max": null,
              "Applied": false,
              "Count": 3,
              "Statement": null,
              "DisplayCoachMarks": false
            },
            {
              "Name": "Rice A Riso",
              "Term": "Rice A Riso",
              "ExtraOutputFields": {},
              "Min": null,
              "Max": null,
              "Applied": false,
              "Count": 1,
              "Statement": null,
              "DisplayCoachMarks": false
            },
            {
              "Name": "Richter",
              "Term": "Richter",
              "ExtraOutputFields": {},
              "Min": null,
              "Max": null,
              "Applied": false,
              "Count": 1,
              "Statement": null,
              "DisplayCoachMarks": false
            },
            {
              "Name": "Ritter Sport",
              "Term": "Ritter Sport",
              "ExtraOutputFields": {},
              "Min": null,
              "Max": null,
              "Applied": false,
              "Count": 2,
              "Statement": null,
              "DisplayCoachMarks": false
            },
            {
              "Name": "Ritz",
              "Term": "Ritz",
              "ExtraOutputFields": {},
              "Min": null,
              "Max": null,
              "Applied": false,
              "Count": 7,
              "Statement": null,
              "DisplayCoachMarks": false
            },
            {
              "Name": "Riverside",
              "Term": "Riverside",
              "ExtraOutputFields": {},
              "Min": null,
              "Max": null,
              "Applied": false,
              "Count": 1,
              "Statement": null,
              "DisplayCoachMarks": false
            },
            {
              "Name": "Riviana",
              "Term": "Riviana",
              "ExtraOutputFields": {},
              "Min": null,
              "Max": null,
              "Applied": false,
              "Count": 9,
              "Statement": null,
              "DisplayCoachMarks": false
            },
            {
              "Name": "Rizzoli",
              "Term": "Rizzoli",
              "ExtraOutputFields": {},
              "Min": null,
              "Max": null,
              "Applied": false,
              "Count": 1,
              "Statement": null,
              "DisplayCoachMarks": false
            },
            {
              "Name": "Robern",
              "Term": "Robern",
              "ExtraOutputFields": {},
              "Min": null,
              "Max": null,
              "Applied": false,
              "Count": 2,
              "Statement": null,
              "DisplayCoachMarks": false
            },
            {
              "Name": "Robert Timms",
              "Term": "Robert Timms",
              "ExtraOutputFields": {},
              "Min": null,
              "Max": null,
              "Applied": false,
              "Count": 6,
              "Statement": null,
              "DisplayCoachMarks": false
            },
            {
              "Name": "Robertsons",
              "Term": "Robertsons",
              "ExtraOutputFields": {},
              "Min": null,
              "Max": null,
              "Applied": false,
              "Count": 1,
              "Statement": null,
              "DisplayCoachMarks": false
            },
            {
              "Name": "Rosella",
              "Term": "Rosella",
              "ExtraOutputFields": {},
              "Min": null,
              "Max": null,
              "Applied": false,
              "Count": 14,
              "Statement": null,
              "DisplayCoachMarks": false
            },
            {
              "Name": "Rose's",
              "Term": "Rose's",
              "ExtraOutputFields": {},
              "Min": null,
              "Max": null,
              "Applied": false,
              "Count": 4,
              "Statement": null,
              "DisplayCoachMarks": false
            },
            {
              "Name": "Rowntrees",
              "Term": "Rowntrees",
              "ExtraOutputFields": {},
              "Min": null,
              "Max": null,
              "Applied": false,
              "Count": 3,
              "Statement": null,
              "DisplayCoachMarks": false
            },
            {
              "Name": "Royal Fields",
              "Term": "Royal Fields",
              "ExtraOutputFields": {},
              "Min": null,
              "Max": null,
              "Applied": false,
              "Count": 2,
              "Statement": null,
              "DisplayCoachMarks": false
            },
            {
              "Name": "Russino",
              "Term": "Russino",
              "ExtraOutputFields": {},
              "Min": null,
              "Max": null,
              "Applied": false,
              "Count": 1,
              "Statement": null,
              "DisplayCoachMarks": false
            },
            {
              "Name": "Ryvita",
              "Term": "Ryvita",
              "ExtraOutputFields": {},
              "Min": null,
              "Max": null,
              "Applied": false,
              "Count": 5,
              "Statement": null,
              "DisplayCoachMarks": false
            }
          ]
        },
        {
          "Alphabet": "S",
          "Filters": [
            {
              "Name": "S&B",
              "Term": "S&B",
              "ExtraOutputFields": {},
              "Min": null,
              "Max": null,
              "Applied": false,
              "Count": 10,
              "Statement": null,
              "DisplayCoachMarks": false
            },
            {
              "Name": "S&W",
              "Term": "S&W",
              "ExtraOutputFields": {},
              "Min": null,
              "Max": null,
              "Applied": false,
              "Count": 3,
              "Statement": null,
              "DisplayCoachMarks": false
            },
            {
              "Name": "Sa Gourmet Food Co",
              "Term": "Sa Gourmet Food Co",
              "ExtraOutputFields": {},
              "Min": null,
              "Max": null,
              "Applied": false,
              "Count": 4,
              "Statement": null,
              "DisplayCoachMarks": false
            },
            {
              "Name": "Sacla",
              "Term": "Sacla",
              "ExtraOutputFields": {},
              "Min": null,
              "Max": null,
              "Applied": false,
              "Count": 7,
              "Statement": null,
              "DisplayCoachMarks": false
            },
            {
              "Name": "Sacred Grounds",
              "Term": "Sacred Grounds",
              "ExtraOutputFields": {},
              "Min": null,
              "Max": null,
              "Applied": false,
              "Count": 6,
              "Statement": null,
              "DisplayCoachMarks": false
            },
            {
              "Name": "Safcol",
              "Term": "Safcol",
              "ExtraOutputFields": {},
              "Min": null,
              "Max": null,
              "Applied": false,
              "Count": 21,
              "Statement": null,
              "DisplayCoachMarks": false
            },
            {
              "Name": "Sakata",
              "Term": "Sakata",
              "ExtraOutputFields": {},
              "Min": null,
              "Max": null,
              "Applied": false,
              "Count": 8,
              "Statement": null,
              "DisplayCoachMarks": false
            },
            {
              "Name": "Sally Williams",
              "Term": "Sally Williams",
              "ExtraOutputFields": {},
              "Min": null,
              "Max": null,
              "Applied": false,
              "Count": 1,
              "Statement": null,
              "DisplayCoachMarks": false
            },
            {
              "Name": "Samboy",
              "Term": "Samboy",
              "ExtraOutputFields": {},
              "Min": null,
              "Max": null,
              "Applied": false,
              "Count": 1,
              "Statement": null,
              "DisplayCoachMarks": false
            },
            {
              "Name": "Sam's Pantry",
              "Term": "Sam's Pantry",
              "ExtraOutputFields": {},
              "Min": null,
              "Max": null,
              "Applied": false,
              "Count": 17,
              "Statement": null,
              "DisplayCoachMarks": false
            },
            {
              "Name": "Samyang",
              "Term": "Samyang",
              "ExtraOutputFields": {},
              "Min": null,
              "Max": null,
              "Applied": false,
              "Count": 5,
              "Statement": null,
              "DisplayCoachMarks": false
            },
            {
              "Name": "San Remo",
              "Term": "San Remo",
              "ExtraOutputFields": {},
              "Min": null,
              "Max": null,
              "Applied": false,
              "Count": 45,
              "Statement": null,
              "DisplayCoachMarks": false
            },
            {
              "Name": "Sandhurst",
              "Term": "Sandhurst",
              "ExtraOutputFields": {},
              "Min": null,
              "Max": null,
              "Applied": false,
              "Count": 16,
              "Statement": null,
              "DisplayCoachMarks": false
            },
            {
              "Name": "Sanitarium",
              "Term": "Sanitarium",
              "ExtraOutputFields": {},
              "Min": null,
              "Max": null,
              "Applied": false,
              "Count": 55,
              "Statement": null,
              "DisplayCoachMarks": false
            },
            {
              "Name": "Sashi's Secret",
              "Term": "Sashi's Secret",
              "ExtraOutputFields": {},
              "Min": null,
              "Max": null,
              "Applied": false,
              "Count": 5,
              "Statement": null,
              "DisplayCoachMarks": false
            },
            {
              "Name": "Sau Tao",
              "Term": "Sau Tao",
              "ExtraOutputFields": {},
              "Min": null,
              "Max": null,
              "Applied": false,
              "Count": 3,
              "Statement": null,
              "DisplayCoachMarks": false
            },
            {
              "Name": "Saunders",
              "Term": "Saunders",
              "ExtraOutputFields": {},
              "Min": null,
              "Max": null,
              "Applied": false,
              "Count": 1,
              "Statement": null,
              "DisplayCoachMarks": false
            },
            {
              "Name": "Savour",
              "Term": "Savour",
              "ExtraOutputFields": {},
              "Min": null,
              "Max": null,
              "Applied": false,
              "Count": 2,
              "Statement": null,
              "DisplayCoachMarks": false
            },
            {
              "Name": "Saxa",
              "Term": "Saxa",
              "ExtraOutputFields": {},
              "Min": null,
              "Max": null,
              "Applied": false,
              "Count": 18,
              "Statement": null,
              "DisplayCoachMarks": false
            },
            {
              "Name": "SAXA",
              "Term": "SAXA",
              "ExtraOutputFields": {},
              "Min": null,
              "Max": null,
              "Applied": false,
              "Count": 3,
              "Statement": null,
              "DisplayCoachMarks": false
            },
            {
              "Name": "Schneider's",
              "Term": "Schneider's",
              "ExtraOutputFields": {},
              "Min": null,
              "Max": null,
              "Applied": false,
              "Count": 1,
              "Statement": null,
              "DisplayCoachMarks": false
            },
            {
              "Name": "Sea Friend",
              "Term": "Sea Friend",
              "ExtraOutputFields": {},
              "Min": null,
              "Max": null,
              "Applied": false,
              "Count": 1,
              "Statement": null,
              "DisplayCoachMarks": false
            },
            {
              "Name": "Second House",
              "Term": "Second House",
              "ExtraOutputFields": {},
              "Min": null,
              "Max": null,
              "Applied": false,
              "Count": 6,
              "Statement": null,
              "DisplayCoachMarks": false
            },
            {
              "Name": "Seeds Of Change",
              "Term": "Seeds Of Change",
              "ExtraOutputFields": {},
              "Min": null,
              "Max": null,
              "Applied": false,
              "Count": 3,
              "Statement": null,
              "DisplayCoachMarks": false
            },
            {
              "Name": "Sharwood's",
              "Term": "Sharwood's",
              "ExtraOutputFields": {},
              "Min": null,
              "Max": null,
              "Applied": false,
              "Count": 8,
              "Statement": null,
              "DisplayCoachMarks": false
            },
            {
              "Name": "Shelby's",
              "Term": "Shelby's",
              "ExtraOutputFields": {},
              "Min": null,
              "Max": null,
              "Applied": false,
              "Count": 10,
              "Statement": null,
              "DisplayCoachMarks": false
            },
            {
              "Name": "Shimaya",
              "Term": "Shimaya",
              "ExtraOutputFields": {},
              "Min": null,
              "Max": null,
              "Applied": false,
              "Count": 1,
              "Statement": null,
              "DisplayCoachMarks": false
            },
            {
              "Name": "Shneider's",
              "Term": "Shneider's",
              "ExtraOutputFields": {},
              "Min": null,
              "Max": null,
              "Applied": false,
              "Count": 6,
              "Statement": null,
              "DisplayCoachMarks": false
            },
            {
              "Name": "Silver Swan",
              "Term": "Silver Swan",
              "ExtraOutputFields": {},
              "Min": null,
              "Max": null,
              "Applied": false,
              "Count": 1,
              "Statement": null,
              "DisplayCoachMarks": false
            },
            {
              "Name": "Simon Johnson",
              "Term": "Simon Johnson",
              "ExtraOutputFields": {},
              "Min": null,
              "Max": null,
              "Applied": false,
              "Count": 1,
              "Statement": null,
              "DisplayCoachMarks": false
            },
            {
              "Name": "Simply 7",
              "Term": "Simply 7",
              "ExtraOutputFields": {},
              "Min": null,
              "Max": null,
              "Applied": false,
              "Count": 2,
              "Statement": null,
              "DisplayCoachMarks": false
            },
            {
              "Name": "Simply Wize",
              "Term": "Simply Wize",
              "ExtraOutputFields": {},
              "Min": null,
              "Max": null,
              "Applied": false,
              "Count": 3,
              "Statement": null,
              "DisplayCoachMarks": false
            },
            {
              "Name": "Simson's Pantry",
              "Term": "Simson's Pantry",
              "ExtraOutputFields": {},
              "Min": null,
              "Max": null,
              "Applied": false,
              "Count": 1,
              "Statement": null,
              "DisplayCoachMarks": false
            },
            {
              "Name": "Sirena",
              "Term": "Sirena",
              "ExtraOutputFields": {},
              "Min": null,
              "Max": null,
              "Applied": false,
              "Count": 23,
              "Statement": null,
              "DisplayCoachMarks": false
            },
            {
              "Name": "Six Fortune",
              "Term": "Six Fortune",
              "ExtraOutputFields": {},
              "Min": null,
              "Max": null,
              "Applied": false,
              "Count": 1,
              "Statement": null,
              "DisplayCoachMarks": false
            },
            {
              "Name": "Skittles",
              "Term": "Skittles",
              "ExtraOutputFields": {},
              "Min": null,
              "Max": null,
              "Applied": false,
              "Count": 5,
              "Statement": null,
              "DisplayCoachMarks": false
            },
            {
              "Name": "SKITTLES",
              "Term": "SKITTLES",
              "ExtraOutputFields": {},
              "Min": null,
              "Max": null,
              "Applied": false,
              "Count": 1,
              "Statement": null,
              "DisplayCoachMarks": false
            },
            {
              "Name": "Slendier",
              "Term": "Slendier",
              "ExtraOutputFields": {},
              "Min": null,
              "Max": null,
              "Applied": false,
              "Count": 8,
              "Statement": null,
              "DisplayCoachMarks": false
            },
            {
              "Name": "Smiling Fish",
              "Term": "Smiling Fish",
              "ExtraOutputFields": {},
              "Min": null,
              "Max": null,
              "Applied": false,
              "Count": 1,
              "Statement": null,
              "DisplayCoachMarks": false
            },
            {
              "Name": "Smith's",
              "Term": "Smith's",
              "ExtraOutputFields": {},
              "Min": null,
              "Max": null,
              "Applied": false,
              "Count": 30,
              "Statement": null,
              "DisplayCoachMarks": false
            },
            {
              "Name": "Smoothie Bombs",
              "Term": "Smoothie Bombs",
              "ExtraOutputFields": {},
              "Min": null,
              "Max": null,
              "Applied": false,
              "Count": 4,
              "Statement": null,
              "DisplayCoachMarks": false
            },
            {
              "Name": "Smooze",
              "Term": "Smooze",
              "ExtraOutputFields": {},
              "Min": null,
              "Max": null,
              "Applied": false,
              "Count": 4,
              "Statement": null,
              "DisplayCoachMarks": false
            },
            {
              "Name": "Snack MC",
              "Term": "Snack MC",
              "ExtraOutputFields": {},
              "Min": null,
              "Max": null,
              "Applied": false,
              "Count": 1,
              "Statement": null,
              "DisplayCoachMarks": false
            },
            {
              "Name": "Snacktacular",
              "Term": "Snacktacular",
              "ExtraOutputFields": {},
              "Min": null,
              "Max": null,
              "Applied": false,
              "Count": 4,
              "Statement": null,
              "DisplayCoachMarks": false
            },
            {
              "Name": "Snappy",
              "Term": "Snappy",
              "ExtraOutputFields": {},
              "Min": null,
              "Max": null,
              "Applied": false,
              "Count": 1,
              "Statement": null,
              "DisplayCoachMarks": false
            },
            {
              "Name": "Snickers",
              "Term": "Snickers",
              "ExtraOutputFields": {},
              "Min": null,
              "Max": null,
              "Applied": false,
              "Count": 5,
              "Statement": null,
              "DisplayCoachMarks": false
            },
            {
              "Name": "Sniders",
              "Term": "Sniders",
              "ExtraOutputFields": {},
              "Min": null,
              "Max": null,
              "Applied": false,
              "Count": 1,
              "Statement": null,
              "DisplayCoachMarks": false
            },
            {
              "Name": "So Soft",
              "Term": "So Soft",
              "ExtraOutputFields": {},
              "Min": null,
              "Max": null,
              "Applied": false,
              "Count": 3,
              "Statement": null,
              "DisplayCoachMarks": false
            },
            {
              "Name": "Sole Mare",
              "Term": "Sole Mare",
              "ExtraOutputFields": {},
              "Min": null,
              "Max": null,
              "Applied": false,
              "Count": 1,
              "Statement": null,
              "DisplayCoachMarks": false
            },
            {
              "Name": "SOLE MARE",
              "Term": "SOLE MARE",
              "ExtraOutputFields": {},
              "Min": null,
              "Max": null,
              "Applied": false,
              "Count": 2,
              "Statement": null,
              "DisplayCoachMarks": false
            },
            {
              "Name": "Soletti",
              "Term": "Soletti",
              "ExtraOutputFields": {},
              "Min": null,
              "Max": null,
              "Applied": false,
              "Count": 2,
              "Statement": null,
              "DisplayCoachMarks": false
            },
            {
              "Name": "Solo",
              "Term": "Solo",
              "ExtraOutputFields": {},
              "Min": null,
              "Max": null,
              "Applied": false,
              "Count": 1,
              "Statement": null,
              "DisplayCoachMarks": false
            },
            {
              "Name": "Sour Patch",
              "Term": "Sour Patch",
              "ExtraOutputFields": {},
              "Min": null,
              "Max": null,
              "Applied": false,
              "Count": 5,
              "Statement": null,
              "DisplayCoachMarks": false
            },
            {
              "Name": "Spam",
              "Term": "Spam",
              "ExtraOutputFields": {},
              "Min": null,
              "Max": null,
              "Applied": false,
              "Count": 8,
              "Statement": null,
              "DisplayCoachMarks": false
            },
            {
              "Name": "Sparletta",
              "Term": "Sparletta",
              "ExtraOutputFields": {},
              "Min": null,
              "Max": null,
              "Applied": false,
              "Count": 2,
              "Statement": null,
              "DisplayCoachMarks": false
            },
            {
              "Name": "SPC",
              "Term": "SPC",
              "ExtraOutputFields": {},
              "Min": null,
              "Max": null,
              "Applied": false,
              "Count": 45,
              "Statement": null,
              "DisplayCoachMarks": false
            },
            {
              "Name": "Splenda",
              "Term": "Splenda",
              "ExtraOutputFields": {},
              "Min": null,
              "Max": null,
              "Applied": false,
              "Count": 2,
              "Statement": null,
              "DisplayCoachMarks": false
            },
            {
              "Name": "Spring Gully",
              "Term": "Spring Gully",
              "ExtraOutputFields": {},
              "Min": null,
              "Max": null,
              "Applied": false,
              "Count": 4,
              "Statement": null,
              "DisplayCoachMarks": false
            },
            {
              "Name": "Squeaky Gate",
              "Term": "Squeaky Gate",
              "ExtraOutputFields": {},
              "Min": null,
              "Max": null,
              "Applied": false,
              "Count": 1,
              "Statement": null,
              "DisplayCoachMarks": false
            },
            {
              "Name": "Squid Brand",
              "Term": "Squid Brand",
              "ExtraOutputFields": {},
              "Min": null,
              "Max": null,
              "Applied": false,
              "Count": 2,
              "Statement": null,
              "DisplayCoachMarks": false
            },
            {
              "Name": "Sriracha",
              "Term": "Sriracha",
              "ExtraOutputFields": {},
              "Min": null,
              "Max": null,
              "Applied": false,
              "Count": 1,
              "Statement": null,
              "DisplayCoachMarks": false
            },
            {
              "Name": "Sshmallows",
              "Term": "Sshmallows",
              "ExtraOutputFields": {},
              "Min": null,
              "Max": null,
              "Applied": false,
              "Count": 2,
              "Statement": null,
              "DisplayCoachMarks": false
            },
            {
              "Name": "SSK",
              "Term": "SSK",
              "ExtraOutputFields": {},
              "Min": null,
              "Max": null,
              "Applied": false,
              "Count": 1,
              "Statement": null,
              "DisplayCoachMarks": false
            },
            {
              "Name": "St.Dalfour",
              "Term": "St.Dalfour",
              "ExtraOutputFields": {},
              "Min": null,
              "Max": null,
              "Applied": false,
              "Count": 9,
              "Statement": null,
              "DisplayCoachMarks": false
            },
            {
              "Name": "Stagg",
              "Term": "Stagg",
              "ExtraOutputFields": {},
              "Min": null,
              "Max": null,
              "Applied": false,
              "Count": 3,
              "Statement": null,
              "DisplayCoachMarks": false
            },
            {
              "Name": "STARBUCKS",
              "Term": "STARBUCKS",
              "ExtraOutputFields": {},
              "Min": null,
              "Max": null,
              "Applied": false,
              "Count": 1,
              "Statement": null,
              "DisplayCoachMarks": false
            },
            {
              "Name": "Starbucks by Nespresso",
              "Term": "Starbucks by Nespresso",
              "ExtraOutputFields": {},
              "Min": null,
              "Max": null,
              "Applied": false,
              "Count": 9,
              "Statement": null,
              "DisplayCoachMarks": false
            },
            {
              "Name": "Steeves Maples",
              "Term": "Steeves Maples",
              "ExtraOutputFields": {},
              "Min": null,
              "Max": null,
              "Applied": false,
              "Count": 2,
              "Statement": null,
              "DisplayCoachMarks": false
            },
            {
              "Name": "Stevia",
              "Term": "Stevia",
              "ExtraOutputFields": {},
              "Min": null,
              "Max": null,
              "Applied": false,
              "Count": 3,
              "Statement": null,
              "DisplayCoachMarks": false
            },
            {
              "Name": "Storz",
              "Term": "Storz",
              "ExtraOutputFields": {},
              "Min": null,
              "Max": null,
              "Applied": false,
              "Count": 1,
              "Statement": null,
              "DisplayCoachMarks": false
            },
            {
              "Name": "Stubb's",
              "Term": "Stubb's",
              "ExtraOutputFields": {},
              "Min": null,
              "Max": null,
              "Applied": false,
              "Count": 3,
              "Statement": null,
              "DisplayCoachMarks": false
            },
            {
              "Name": "Sugarine",
              "Term": "Sugarine",
              "ExtraOutputFields": {},
              "Min": null,
              "Max": null,
              "Applied": false,
              "Count": 1,
              "Statement": null,
              "DisplayCoachMarks": false
            },
            {
              "Name": "Sugarless",
              "Term": "Sugarless",
              "ExtraOutputFields": {},
              "Min": null,
              "Max": null,
              "Applied": false,
              "Count": 3,
              "Statement": null,
              "DisplayCoachMarks": false
            },
            {
              "Name": "Suimin",
              "Term": "Suimin",
              "ExtraOutputFields": {},
              "Min": null,
              "Max": null,
              "Applied": false,
              "Count": 10,
              "Statement": null,
              "DisplayCoachMarks": false
            },
            {
              "Name": "Sun Health",
              "Term": "Sun Health",
              "ExtraOutputFields": {},
              "Min": null,
              "Max": null,
              "Applied": false,
              "Count": 1,
              "Statement": null,
              "DisplayCoachMarks": false
            },
            {
              "Name": "Sun Swallow",
              "Term": "Sun Swallow",
              "ExtraOutputFields": {},
              "Min": null,
              "Max": null,
              "Applied": false,
              "Count": 1,
              "Statement": null,
              "DisplayCoachMarks": false
            },
            {
              "Name": "Sun Valley",
              "Term": "Sun Valley",
              "ExtraOutputFields": {},
              "Min": null,
              "Max": null,
              "Applied": false,
              "Count": 1,
              "Statement": null,
              "DisplayCoachMarks": false
            },
            {
              "Name": "Sunbeam",
              "Term": "Sunbeam",
              "ExtraOutputFields": {},
              "Min": null,
              "Max": null,
              "Applied": false,
              "Count": 15,
              "Statement": null,
              "DisplayCoachMarks": false
            },
            {
              "Name": "Sunbites",
              "Term": "Sunbites",
              "ExtraOutputFields": {},
              "Min": null,
              "Max": null,
              "Applied": false,
              "Count": 7,
              "Statement": null,
              "DisplayCoachMarks": false
            },
            {
              "Name": "Sunrice",
              "Term": "Sunrice",
              "ExtraOutputFields": {},
              "Min": null,
              "Max": null,
              "Applied": false,
              "Count": 44,
              "Statement": null,
              "DisplayCoachMarks": false
            },
            {
              "Name": "SunRice",
              "Term": "SunRice",
              "ExtraOutputFields": {},
              "Min": null,
              "Max": null,
              "Applied": false,
              "Count": 2,
              "Statement": null,
              "DisplayCoachMarks": false
            },
            {
              "Name": "Sunsol",
              "Term": "Sunsol",
              "ExtraOutputFields": {},
              "Min": null,
              "Max": null,
              "Applied": false,
              "Count": 4,
              "Statement": null,
              "DisplayCoachMarks": false
            },
            {
              "Name": "Sunstone",
              "Term": "Sunstone",
              "ExtraOutputFields": {},
              "Min": null,
              "Max": null,
              "Applied": false,
              "Count": 1,
              "Statement": null,
              "DisplayCoachMarks": false
            },
            {
              "Name": "Sunsweet",
              "Term": "Sunsweet",
              "ExtraOutputFields": {},
              "Min": null,
              "Max": null,
              "Applied": false,
              "Count": 2,
              "Statement": null,
              "DisplayCoachMarks": false
            },
            {
              "Name": "Sustagen",
              "Term": "Sustagen",
              "ExtraOutputFields": {},
              "Min": null,
              "Max": null,
              "Applied": false,
              "Count": 1,
              "Statement": null,
              "DisplayCoachMarks": false
            },
            {
              "Name": "Sweet Baby Ray's",
              "Term": "Sweet Baby Ray's",
              "ExtraOutputFields": {},
              "Min": null,
              "Max": null,
              "Applied": false,
              "Count": 5,
              "Statement": null,
              "DisplayCoachMarks": false
            },
            {
              "Name": "Sweet William",
              "Term": "Sweet William",
              "ExtraOutputFields": {},
              "Min": null,
              "Max": null,
              "Applied": false,
              "Count": 2,
              "Statement": null,
              "DisplayCoachMarks": false
            },
            {
              "Name": "Swizzels",
              "Term": "Swizzels",
              "ExtraOutputFields": {},
              "Min": null,
              "Max": null,
              "Applied": false,
              "Count": 1,
              "Statement": null,
              "DisplayCoachMarks": false
            },
            {
              "Name": "Symington's",
              "Term": "Symington's",
              "ExtraOutputFields": {},
              "Min": null,
              "Max": null,
              "Applied": false,
              "Count": 1,
              "Statement": null,
              "DisplayCoachMarks": false
            }
          ]
        },
        {
          "Alphabet": "T",
          "Filters": [
            {
              "Name": "T2",
              "Term": "T2",
              "ExtraOutputFields": {},
              "Min": null,
              "Max": null,
              "Applied": false,
              "Count": 8,
              "Statement": null,
              "DisplayCoachMarks": false
            },
            {
              "Name": "Tabasco",
              "Term": "Tabasco",
              "ExtraOutputFields": {},
              "Min": null,
              "Max": null,
              "Applied": false,
              "Count": 6,
              "Statement": null,
              "DisplayCoachMarks": false
            },
            {
              "Name": "Table of Plenty",
              "Term": "Table of Plenty",
              "ExtraOutputFields": {},
              "Min": null,
              "Max": null,
              "Applied": false,
              "Count": 2,
              "Statement": null,
              "DisplayCoachMarks": false
            },
            {
              "Name": "Table Of Plenty",
              "Term": "Table Of Plenty",
              "ExtraOutputFields": {},
              "Min": null,
              "Max": null,
              "Applied": false,
              "Count": 9,
              "Statement": null,
              "DisplayCoachMarks": false
            },
            {
              "Name": "Tadim",
              "Term": "Tadim",
              "ExtraOutputFields": {},
              "Min": null,
              "Max": null,
              "Applied": false,
              "Count": 2,
              "Statement": null,
              "DisplayCoachMarks": false
            },
            {
              "Name": "Taj",
              "Term": "Taj",
              "ExtraOutputFields": {},
              "Min": null,
              "Max": null,
              "Applied": false,
              "Count": 1,
              "Statement": null,
              "DisplayCoachMarks": false
            },
            {
              "Name": "Tamek",
              "Term": "Tamek",
              "ExtraOutputFields": {},
              "Min": null,
              "Max": null,
              "Applied": false,
              "Count": 4,
              "Statement": null,
              "DisplayCoachMarks": false
            },
            {
              "Name": "Tandaco",
              "Term": "Tandaco",
              "ExtraOutputFields": {},
              "Min": null,
              "Max": null,
              "Applied": false,
              "Count": 8,
              "Statement": null,
              "DisplayCoachMarks": false
            },
            {
              "Name": "Target",
              "Term": "Target",
              "ExtraOutputFields": {},
              "Min": null,
              "Max": null,
              "Applied": false,
              "Count": 1,
              "Statement": null,
              "DisplayCoachMarks": false
            },
            {
              "Name": "Tassal",
              "Term": "Tassal",
              "ExtraOutputFields": {},
              "Min": null,
              "Max": null,
              "Applied": false,
              "Count": 3,
              "Statement": null,
              "DisplayCoachMarks": false
            },
            {
              "Name": "Tasti",
              "Term": "Tasti",
              "ExtraOutputFields": {},
              "Min": null,
              "Max": null,
              "Applied": false,
              "Count": 24,
              "Statement": null,
              "DisplayCoachMarks": false
            },
            {
              "Name": "Tasty Bite",
              "Term": "Tasty Bite",
              "ExtraOutputFields": {},
              "Min": null,
              "Max": null,
              "Applied": false,
              "Count": 1,
              "Statement": null,
              "DisplayCoachMarks": false
            },
            {
              "Name": "Tata",
              "Term": "Tata",
              "ExtraOutputFields": {},
              "Min": null,
              "Max": null,
              "Applied": false,
              "Count": 1,
              "Statement": null,
              "DisplayCoachMarks": false
            },
            {
              "Name": "Taylor's",
              "Term": "Taylor's",
              "ExtraOutputFields": {},
              "Min": null,
              "Max": null,
              "Applied": false,
              "Count": 2,
              "Statement": null,
              "DisplayCoachMarks": false
            },
            {
              "Name": "Taylors Of Harrogate",
              "Term": "Taylors Of Harrogate",
              "ExtraOutputFields": {},
              "Min": null,
              "Max": null,
              "Applied": false,
              "Count": 2,
              "Statement": null,
              "DisplayCoachMarks": false
            },
            {
              "Name": "TCC",
              "Term": "TCC",
              "ExtraOutputFields": {},
              "Min": null,
              "Max": null,
              "Applied": false,
              "Count": 3,
              "Statement": null,
              "DisplayCoachMarks": false
            },
            {
              "Name": "Terry's",
              "Term": "Terry's",
              "ExtraOutputFields": {},
              "Min": null,
              "Max": null,
              "Applied": false,
              "Count": 1,
              "Statement": null,
              "DisplayCoachMarks": false
            },
            {
              "Name": "Tetley",
              "Term": "Tetley",
              "ExtraOutputFields": {},
              "Min": null,
              "Max": null,
              "Applied": false,
              "Count": 7,
              "Statement": null,
              "DisplayCoachMarks": false
            },
            {
              "Name": "The Bar Counter",
              "Term": "The Bar Counter",
              "ExtraOutputFields": {},
              "Min": null,
              "Max": null,
              "Applied": false,
              "Count": 14,
              "Statement": null,
              "DisplayCoachMarks": false
            },
            {
              "Name": "The Chia Co.",
              "Term": "The Chia Co.",
              "ExtraOutputFields": {},
              "Min": null,
              "Max": null,
              "Applied": false,
              "Count": 1,
              "Statement": null,
              "DisplayCoachMarks": false
            },
            {
              "Name": "The Dutch Company",
              "Term": "The Dutch Company",
              "ExtraOutputFields": {},
              "Min": null,
              "Max": null,
              "Applied": false,
              "Count": 10,
              "Statement": null,
              "DisplayCoachMarks": false
            },
            {
              "Name": "The Food Company",
              "Term": "The Food Company",
              "ExtraOutputFields": {},
              "Min": null,
              "Max": null,
              "Applied": false,
              "Count": 1,
              "Statement": null,
              "DisplayCoachMarks": false
            },
            {
              "Name": "The Gluten Free Food Co",
              "Term": "The Gluten Free Food Co",
              "ExtraOutputFields": {},
              "Min": null,
              "Max": null,
              "Applied": false,
              "Count": 4,
              "Statement": null,
              "DisplayCoachMarks": false
            },
            {
              "Name": "The Good Harvest",
              "Term": "The Good Harvest",
              "ExtraOutputFields": {},
              "Min": null,
              "Max": null,
              "Applied": false,
              "Count": 2,
              "Statement": null,
              "DisplayCoachMarks": false
            },
            {
              "Name": "The Grove Gourmet",
              "Term": "The Grove Gourmet",
              "ExtraOutputFields": {},
              "Min": null,
              "Max": null,
              "Applied": false,
              "Count": 1,
              "Statement": null,
              "DisplayCoachMarks": false
            },
            {
              "Name": "The Happy Snack Company",
              "Term": "The Happy Snack Company",
              "ExtraOutputFields": {},
              "Min": null,
              "Max": null,
              "Applied": false,
              "Count": 14,
              "Statement": null,
              "DisplayCoachMarks": false
            },
            {
              "Name": "The Healthy Baker",
              "Term": "The Healthy Baker",
              "ExtraOutputFields": {},
              "Min": null,
              "Max": null,
              "Applied": false,
              "Count": 1,
              "Statement": null,
              "DisplayCoachMarks": false
            },
            {
              "Name": "The Jelly Bean Factory",
              "Term": "The Jelly Bean Factory",
              "ExtraOutputFields": {},
              "Min": null,
              "Max": null,
              "Applied": false,
              "Count": 1,
              "Statement": null,
              "DisplayCoachMarks": false
            },
            {
              "Name": "The Market Grocer",
              "Term": "The Market Grocer",
              "ExtraOutputFields": {},
              "Min": null,
              "Max": null,
              "Applied": false,
              "Count": 1,
              "Statement": null,
              "DisplayCoachMarks": false
            },
            {
              "Name": "The Natural Chip Co.",
              "Term": "The Natural Chip Co.",
              "ExtraOutputFields": {},
              "Min": null,
              "Max": null,
              "Applied": false,
              "Count": 8,
              "Statement": null,
              "DisplayCoachMarks": false
            },
            {
              "Name": "The Natural Confectionery Co.",
              "Term": "The Natural Confectionery Co.",
              "ExtraOutputFields": {},
              "Min": null,
              "Max": null,
              "Applied": false,
              "Count": 14,
              "Statement": null,
              "DisplayCoachMarks": false
            },
            {
              "Name": "The Natural Cracker Co.",
              "Term": "The Natural Cracker Co.",
              "ExtraOutputFields": {},
              "Min": null,
              "Max": null,
              "Applied": false,
              "Count": 4,
              "Statement": null,
              "DisplayCoachMarks": false
            },
            {
              "Name": "The Pancake Parlour",
              "Term": "The Pancake Parlour",
              "ExtraOutputFields": {},
              "Min": null,
              "Max": null,
              "Applied": false,
              "Count": 1,
              "Statement": null,
              "DisplayCoachMarks": false
            },
            {
              "Name": "The Sauce",
              "Term": "The Sauce",
              "ExtraOutputFields": {},
              "Min": null,
              "Max": null,
              "Applied": false,
              "Count": 3,
              "Statement": null,
              "DisplayCoachMarks": false
            },
            {
              "Name": "The Spice Tailor",
              "Term": "The Spice Tailor",
              "ExtraOutputFields": {},
              "Min": null,
              "Max": null,
              "Applied": false,
              "Count": 18,
              "Statement": null,
              "DisplayCoachMarks": false
            },
            {
              "Name": "The Stock Merchant",
              "Term": "The Stock Merchant",
              "ExtraOutputFields": {},
              "Min": null,
              "Max": null,
              "Applied": false,
              "Count": 2,
              "Statement": null,
              "DisplayCoachMarks": false
            },
            {
              "Name": "Thinkfood",
              "Term": "Thinkfood",
              "ExtraOutputFields": {},
              "Min": null,
              "Max": null,
              "Applied": false,
              "Count": 1,
              "Statement": null,
              "DisplayCoachMarks": false
            },
            {
              "Name": "Thins",
              "Term": "Thins",
              "ExtraOutputFields": {},
              "Min": null,
              "Max": null,
              "Applied": false,
              "Count": 9,
              "Statement": null,
              "DisplayCoachMarks": false
            },
            {
              "Name": "Thisit",
              "Term": "Thisit",
              "ExtraOutputFields": {},
              "Min": null,
              "Max": null,
              "Applied": false,
              "Count": 2,
              "Statement": null,
              "DisplayCoachMarks": false
            },
            {
              "Name": "Thomy",
              "Term": "Thomy",
              "ExtraOutputFields": {},
              "Min": null,
              "Max": null,
              "Applied": false,
              "Count": 2,
              "Statement": null,
              "DisplayCoachMarks": false
            },
            {
              "Name": "Three Threes",
              "Term": "Three Threes",
              "ExtraOutputFields": {},
              "Min": null,
              "Max": null,
              "Applied": false,
              "Count": 17,
              "Statement": null,
              "DisplayCoachMarks": false
            },
            {
              "Name": "Thumbs Up",
              "Term": "Thumbs Up",
              "ExtraOutputFields": {},
              "Min": null,
              "Max": null,
              "Applied": false,
              "Count": 1,
              "Statement": null,
              "DisplayCoachMarks": false
            },
            {
              "Name": "Tiao Hu",
              "Term": "Tiao Hu",
              "ExtraOutputFields": {},
              "Min": null,
              "Max": null,
              "Applied": false,
              "Count": 3,
              "Statement": null,
              "DisplayCoachMarks": false
            },
            {
              "Name": "Tic Tac",
              "Term": "Tic Tac",
              "ExtraOutputFields": {},
              "Min": null,
              "Max": null,
              "Applied": false,
              "Count": 5,
              "Statement": null,
              "DisplayCoachMarks": false
            },
            {
              "Name": "Tilda",
              "Term": "Tilda",
              "ExtraOutputFields": {},
              "Min": null,
              "Max": null,
              "Applied": false,
              "Count": 4,
              "Statement": null,
              "DisplayCoachMarks": false
            },
            {
              "Name": "Toblerone",
              "Term": "Toblerone",
              "ExtraOutputFields": {},
              "Min": null,
              "Max": null,
              "Applied": false,
              "Count": 2,
              "Statement": null,
              "DisplayCoachMarks": false
            },
            {
              "Name": "Tokyo Ramen",
              "Term": "Tokyo Ramen",
              "ExtraOutputFields": {},
              "Min": null,
              "Max": null,
              "Applied": false,
              "Count": 2,
              "Statement": null,
              "DisplayCoachMarks": false
            },
            {
              "Name": "Tom & Luke",
              "Term": "Tom & Luke",
              "ExtraOutputFields": {},
              "Min": null,
              "Max": null,
              "Applied": false,
              "Count": 11,
              "Statement": null,
              "DisplayCoachMarks": false
            },
            {
              "Name": "Tom Piper",
              "Term": "Tom Piper",
              "ExtraOutputFields": {},
              "Min": null,
              "Max": null,
              "Applied": false,
              "Count": 3,
              "Statement": null,
              "DisplayCoachMarks": false
            },
            {
              "Name": "Tooba",
              "Term": "Tooba",
              "ExtraOutputFields": {},
              "Min": null,
              "Max": null,
              "Applied": false,
              "Count": 1,
              "Statement": null,
              "DisplayCoachMarks": false
            },
            {
              "Name": "Topps",
              "Term": "Topps",
              "ExtraOutputFields": {},
              "Min": null,
              "Max": null,
              "Applied": false,
              "Count": 1,
              "Statement": null,
              "DisplayCoachMarks": false
            },
            {
              "Name": "Tostitos",
              "Term": "Tostitos",
              "ExtraOutputFields": {},
              "Min": null,
              "Max": null,
              "Applied": false,
              "Count": 3,
              "Statement": null,
              "DisplayCoachMarks": false
            },
            {
              "Name": "Tradition",
              "Term": "Tradition",
              "ExtraOutputFields": {},
              "Min": null,
              "Max": null,
              "Applied": false,
              "Count": 2,
              "Statement": null,
              "DisplayCoachMarks": false
            },
            {
              "Name": "Trident",
              "Term": "Trident",
              "ExtraOutputFields": {},
              "Min": null,
              "Max": null,
              "Applied": false,
              "Count": 8,
              "Statement": null,
              "DisplayCoachMarks": false
            },
            {
              "Name": "Trolli",
              "Term": "Trolli",
              "ExtraOutputFields": {},
              "Min": null,
              "Max": null,
              "Applied": false,
              "Count": 2,
              "Statement": null,
              "DisplayCoachMarks": false
            },
            {
              "Name": "True Foods",
              "Term": "True Foods",
              "ExtraOutputFields": {},
              "Min": null,
              "Max": null,
              "Applied": false,
              "Count": 2,
              "Statement": null,
              "DisplayCoachMarks": false
            },
            {
              "Name": "Tuckers",
              "Term": "Tuckers",
              "ExtraOutputFields": {},
              "Min": null,
              "Max": null,
              "Applied": false,
              "Count": 4,
              "Statement": null,
              "DisplayCoachMarks": false
            },
            {
              "Name": "Tung Chun",
              "Term": "Tung Chun",
              "ExtraOutputFields": {},
              "Min": null,
              "Max": null,
              "Applied": false,
              "Count": 1,
              "Statement": null,
              "DisplayCoachMarks": false
            },
            {
              "Name": "Tunnocks",
              "Term": "Tunnocks",
              "ExtraOutputFields": {},
              "Min": null,
              "Max": null,
              "Applied": false,
              "Count": 2,
              "Statement": null,
              "DisplayCoachMarks": false
            },
            {
              "Name": "Twinings",
              "Term": "Twinings",
              "ExtraOutputFields": {},
              "Min": null,
              "Max": null,
              "Applied": false,
              "Count": 61,
              "Statement": null,
              "DisplayCoachMarks": false
            },
            {
              "Name": "Twinkle Sprinkle",
              "Term": "Twinkle Sprinkle",
              "ExtraOutputFields": {},
              "Min": null,
              "Max": null,
              "Applied": false,
              "Count": 1,
              "Statement": null,
              "DisplayCoachMarks": false
            },
            {
              "Name": "Twisties",
              "Term": "Twisties",
              "ExtraOutputFields": {},
              "Min": null,
              "Max": null,
              "Applied": false,
              "Count": 6,
              "Statement": null,
              "DisplayCoachMarks": false
            },
            {
              "Name": "Twix",
              "Term": "Twix",
              "ExtraOutputFields": {},
              "Min": null,
              "Max": null,
              "Applied": false,
              "Count": 2,
              "Statement": null,
              "DisplayCoachMarks": false
            },
            {
              "Name": "Tyrrell's",
              "Term": "Tyrrell's",
              "ExtraOutputFields": {},
              "Min": null,
              "Max": null,
              "Applied": false,
              "Count": 2,
              "Statement": null,
              "DisplayCoachMarks": false
            }
          ]
        },
        {
          "Alphabet": "U",
          "Filters": [
            {
              "Name": "UFC",
              "Term": "UFC",
              "ExtraOutputFields": {},
              "Min": null,
              "Max": null,
              "Applied": false,
              "Count": 1,
              "Statement": null,
              "DisplayCoachMarks": false
            },
            {
              "Name": "Uludag",
              "Term": "Uludag",
              "ExtraOutputFields": {},
              "Min": null,
              "Max": null,
              "Applied": false,
              "Count": 3,
              "Statement": null,
              "DisplayCoachMarks": false
            },
            {
              "Name": "Uncle Ben's",
              "Term": "Uncle Ben's",
              "ExtraOutputFields": {},
              "Min": null,
              "Max": null,
              "Applied": false,
              "Count": 12,
              "Statement": null,
              "DisplayCoachMarks": false
            },
            {
              "Name": "Uncle Tobys",
              "Term": "Uncle Tobys",
              "ExtraOutputFields": {},
              "Min": null,
              "Max": null,
              "Applied": false,
              "Count": 52,
              "Statement": null,
              "DisplayCoachMarks": false
            },
            {
              "Name": "UNCLE TOBYS",
              "Term": "UNCLE TOBYS",
              "ExtraOutputFields": {},
              "Min": null,
              "Max": null,
              "Applied": false,
              "Count": 20,
              "Statement": null,
              "DisplayCoachMarks": false
            },
            {
              "Name": "Unger's",
              "Term": "Unger's",
              "ExtraOutputFields": {},
              "Min": null,
              "Max": null,
              "Applied": false,
              "Count": 1,
              "Statement": null,
              "DisplayCoachMarks": false
            },
            {
              "Name": "Unibic",
              "Term": "Unibic",
              "ExtraOutputFields": {},
              "Min": null,
              "Max": null,
              "Applied": false,
              "Count": 1,
              "Statement": null,
              "DisplayCoachMarks": false
            },
            {
              "Name": "United King",
              "Term": "United King",
              "ExtraOutputFields": {},
              "Min": null,
              "Max": null,
              "Applied": false,
              "Count": 1,
              "Statement": null,
              "DisplayCoachMarks": false
            },
            {
              "Name": "Upbeat",
              "Term": "Upbeat",
              "ExtraOutputFields": {},
              "Min": null,
              "Max": null,
              "Applied": false,
              "Count": 3,
              "Statement": null,
              "DisplayCoachMarks": false
            },
            {
              "Name": "Uptons Naturals",
              "Term": "Uptons Naturals",
              "ExtraOutputFields": {},
              "Min": null,
              "Max": null,
              "Applied": false,
              "Count": 4,
              "Statement": null,
              "DisplayCoachMarks": false
            }
          ]
        },
        {
          "Alphabet": "V",
          "Filters": [
            {
              "Name": "Vaalia",
              "Term": "Vaalia",
              "ExtraOutputFields": {},
              "Min": null,
              "Max": null,
              "Applied": false,
              "Count": 6,
              "Statement": null,
              "DisplayCoachMarks": false
            },
            {
              "Name": "Val Verde",
              "Term": "Val Verde",
              "ExtraOutputFields": {},
              "Min": null,
              "Max": null,
              "Applied": false,
              "Count": 2,
              "Statement": null,
              "DisplayCoachMarks": false
            },
            {
              "Name": "Valcom",
              "Term": "Valcom",
              "ExtraOutputFields": {},
              "Min": null,
              "Max": null,
              "Applied": false,
              "Count": 11,
              "Statement": null,
              "DisplayCoachMarks": false
            },
            {
              "Name": "Valley Produce Company",
              "Term": "Valley Produce Company",
              "ExtraOutputFields": {},
              "Min": null,
              "Max": null,
              "Applied": false,
              "Count": 2,
              "Statement": null,
              "DisplayCoachMarks": false
            },
            {
              "Name": "Vamino",
              "Term": "Vamino",
              "ExtraOutputFields": {},
              "Min": null,
              "Max": null,
              "Applied": false,
              "Count": 1,
              "Statement": null,
              "DisplayCoachMarks": false
            },
            {
              "Name": "Vege Chips",
              "Term": "Vege Chips",
              "ExtraOutputFields": {},
              "Min": null,
              "Max": null,
              "Applied": false,
              "Count": 18,
              "Statement": null,
              "DisplayCoachMarks": false
            },
            {
              "Name": "Vegemite",
              "Term": "Vegemite",
              "ExtraOutputFields": {},
              "Min": null,
              "Max": null,
              "Applied": false,
              "Count": 11,
              "Statement": null,
              "DisplayCoachMarks": false
            },
            {
              "Name": "Vegeta",
              "Term": "Vegeta",
              "ExtraOutputFields": {},
              "Min": null,
              "Max": null,
              "Applied": false,
              "Count": 4,
              "Statement": null,
              "DisplayCoachMarks": false
            },
            {
              "Name": "Vegie Delights",
              "Term": "Vegie Delights",
              "ExtraOutputFields": {},
              "Min": null,
              "Max": null,
              "Applied": false,
              "Count": 2,
              "Statement": null,
              "DisplayCoachMarks": false
            },
            {
              "Name": "Vego",
              "Term": "Vego",
              "ExtraOutputFields": {},
              "Min": null,
              "Max": null,
              "Applied": false,
              "Count": 3,
              "Statement": null,
              "DisplayCoachMarks": false
            },
            {
              "Name": "Verity",
              "Term": "Verity",
              "ExtraOutputFields": {},
              "Min": null,
              "Max": null,
              "Applied": false,
              "Count": 1,
              "Statement": null,
              "DisplayCoachMarks": false
            },
            {
              "Name": "Vetta",
              "Term": "Vetta",
              "ExtraOutputFields": {},
              "Min": null,
              "Max": null,
              "Applied": false,
              "Count": 17,
              "Statement": null,
              "DisplayCoachMarks": false
            },
            {
              "Name": "Vicks",
              "Term": "Vicks",
              "ExtraOutputFields": {},
              "Min": null,
              "Max": null,
              "Applied": false,
              "Count": 1,
              "Statement": null,
              "DisplayCoachMarks": false
            },
            {
              "Name": "VIMTO",
              "Term": "VIMTO",
              "ExtraOutputFields": {},
              "Min": null,
              "Max": null,
              "Applied": false,
              "Count": 1,
              "Statement": null,
              "DisplayCoachMarks": false
            },
            {
              "Name": "Vincinni",
              "Term": "Vincinni",
              "ExtraOutputFields": {},
              "Min": null,
              "Max": null,
              "Applied": false,
              "Count": 1,
              "Statement": null,
              "DisplayCoachMarks": false
            },
            {
              "Name": "Violet Crumble",
              "Term": "Violet Crumble",
              "ExtraOutputFields": {},
              "Min": null,
              "Max": null,
              "Applied": false,
              "Count": 2,
              "Statement": null,
              "DisplayCoachMarks": false
            },
            {
              "Name": "Vita",
              "Term": "Vita",
              "ExtraOutputFields": {},
              "Min": null,
              "Max": null,
              "Applied": false,
              "Count": 2,
              "Statement": null,
              "DisplayCoachMarks": false
            },
            {
              "Name": "Vita Vigor",
              "Term": "Vita Vigor",
              "ExtraOutputFields": {},
              "Min": null,
              "Max": null,
              "Applied": false,
              "Count": 1,
              "Statement": null,
              "DisplayCoachMarks": false
            },
            {
              "Name": "Vitamilk",
              "Term": "Vitamilk",
              "ExtraOutputFields": {},
              "Min": null,
              "Max": null,
              "Applied": false,
              "Count": 1,
              "Statement": null,
              "DisplayCoachMarks": false
            },
            {
              "Name": "Vitasoy",
              "Term": "Vitasoy",
              "ExtraOutputFields": {},
              "Min": null,
              "Max": null,
              "Applied": false,
              "Count": 1,
              "Statement": null,
              "DisplayCoachMarks": false
            },
            {
              "Name": "Vittoria",
              "Term": "Vittoria",
              "ExtraOutputFields": {},
              "Min": null,
              "Max": null,
              "Applied": false,
              "Count": 46,
              "Statement": null,
              "DisplayCoachMarks": false
            },
            {
              "Name": "V-Soy",
              "Term": "V-Soy",
              "ExtraOutputFields": {},
              "Min": null,
              "Max": null,
              "Applied": false,
              "Count": 1,
              "Statement": null,
              "DisplayCoachMarks": false
            }
          ]
        },
        {
          "Alphabet": "W",
          "Filters": [
            {
              "Name": "Wagh Bakri",
              "Term": "Wagh Bakri",
              "ExtraOutputFields": {},
              "Min": null,
              "Max": null,
              "Applied": false,
              "Count": 2,
              "Statement": null,
              "DisplayCoachMarks": false
            },
            {
              "Name": "Wai Wai",
              "Term": "Wai Wai",
              "ExtraOutputFields": {},
              "Min": null,
              "Max": null,
              "Applied": false,
              "Count": 6,
              "Statement": null,
              "DisplayCoachMarks": false
            },
            {
              "Name": "Waimete",
              "Term": "Waimete",
              "ExtraOutputFields": {},
              "Min": null,
              "Max": null,
              "Applied": false,
              "Count": 4,
              "Statement": null,
              "DisplayCoachMarks": false
            },
            {
              "Name": "Waimete Honey",
              "Term": "Waimete Honey",
              "ExtraOutputFields": {},
              "Min": null,
              "Max": null,
              "Applied": false,
              "Count": 1,
              "Statement": null,
              "DisplayCoachMarks": false
            },
            {
              "Name": "Walkers",
              "Term": "Walkers",
              "ExtraOutputFields": {},
              "Min": null,
              "Max": null,
              "Applied": false,
              "Count": 2,
              "Statement": null,
              "DisplayCoachMarks": false
            },
            {
              "Name": "Wallaby",
              "Term": "Wallaby",
              "ExtraOutputFields": {},
              "Min": null,
              "Max": null,
              "Applied": false,
              "Count": 8,
              "Statement": null,
              "DisplayCoachMarks": false
            },
            {
              "Name": "Waterthins",
              "Term": "Waterthins",
              "ExtraOutputFields": {},
              "Min": null,
              "Max": null,
              "Applied": false,
              "Count": 3,
              "Statement": null,
              "DisplayCoachMarks": false
            },
            {
              "Name": "Wattie's",
              "Term": "Wattie's",
              "ExtraOutputFields": {},
              "Min": null,
              "Max": null,
              "Applied": false,
              "Count": 4,
              "Statement": null,
              "DisplayCoachMarks": false
            },
            {
              "Name": "Weet-Bix",
              "Term": "Weet-Bix",
              "ExtraOutputFields": {},
              "Min": null,
              "Max": null,
              "Applied": false,
              "Count": 1,
              "Statement": null,
              "DisplayCoachMarks": false
            },
            {
              "Name": "Wei Chuan",
              "Term": "Wei Chuan",
              "ExtraOutputFields": {},
              "Min": null,
              "Max": null,
              "Applied": false,
              "Count": 2,
              "Statement": null,
              "DisplayCoachMarks": false
            },
            {
              "Name": "Wei Lei",
              "Term": "Wei Lei",
              "ExtraOutputFields": {},
              "Min": null,
              "Max": null,
              "Applied": false,
              "Count": 1,
              "Statement": null,
              "DisplayCoachMarks": false
            },
            {
              "Name": "Wei Lih",
              "Term": "Wei Lih",
              "ExtraOutputFields": {},
              "Min": null,
              "Max": null,
              "Applied": false,
              "Count": 1,
              "Statement": null,
              "DisplayCoachMarks": false
            },
            {
              "Name": "Weight Watchers",
              "Term": "Weight Watchers",
              "ExtraOutputFields": {},
              "Min": null,
              "Max": null,
              "Applied": false,
              "Count": 3,
              "Statement": null,
              "DisplayCoachMarks": false
            },
            {
              "Name": "Wel Pac",
              "Term": "Wel Pac",
              "ExtraOutputFields": {},
              "Min": null,
              "Max": null,
              "Applied": false,
              "Count": 1,
              "Statement": null,
              "DisplayCoachMarks": false
            },
            {
              "Name": "Welch's",
              "Term": "Welch's",
              "ExtraOutputFields": {},
              "Min": null,
              "Max": null,
              "Applied": false,
              "Count": 3,
              "Statement": null,
              "DisplayCoachMarks": false
            },
            {
              "Name": "Well Naturally",
              "Term": "Well Naturally",
              "ExtraOutputFields": {},
              "Min": null,
              "Max": null,
              "Applied": false,
              "Count": 18,
              "Statement": null,
              "DisplayCoachMarks": false
            },
            {
              "Name": "Werther's Original",
              "Term": "Werther's Original",
              "ExtraOutputFields": {},
              "Min": null,
              "Max": null,
              "Applied": false,
              "Count": 4,
              "Statement": null,
              "DisplayCoachMarks": false
            },
            {
              "Name": "Western Star",
              "Term": "Western Star",
              "ExtraOutputFields": {},
              "Min": null,
              "Max": null,
              "Applied": false,
              "Count": 2,
              "Statement": null,
              "DisplayCoachMarks": false
            },
            {
              "Name": "Westmont Pickles",
              "Term": "Westmont Pickles",
              "ExtraOutputFields": {},
              "Min": null,
              "Max": null,
              "Applied": false,
              "Count": 2,
              "Statement": null,
              "DisplayCoachMarks": false
            },
            {
              "Name": "White Wings",
              "Term": "White Wings",
              "ExtraOutputFields": {},
              "Min": null,
              "Max": null,
              "Applied": false,
              "Count": 32,
              "Statement": null,
              "DisplayCoachMarks": false
            },
            {
              "Name": "Whittaker's",
              "Term": "Whittaker's",
              "ExtraOutputFields": {},
              "Min": null,
              "Max": null,
              "Applied": false,
              "Count": 16,
              "Statement": null,
              "DisplayCoachMarks": false
            },
            {
              "Name": "Whole Earth",
              "Term": "Whole Earth",
              "ExtraOutputFields": {},
              "Min": null,
              "Max": null,
              "Applied": false,
              "Count": 4,
              "Statement": null,
              "DisplayCoachMarks": false
            },
            {
              "Name": "Wild's",
              "Term": "Wild's",
              "ExtraOutputFields": {},
              "Min": null,
              "Max": null,
              "Applied": false,
              "Count": 1,
              "Statement": null,
              "DisplayCoachMarks": false
            },
            {
              "Name": "Willards",
              "Term": "Willards",
              "ExtraOutputFields": {},
              "Min": null,
              "Max": null,
              "Applied": false,
              "Count": 2,
              "Statement": null,
              "DisplayCoachMarks": false
            },
            {
              "Name": "Wing Hong",
              "Term": "Wing Hong",
              "ExtraOutputFields": {},
              "Min": null,
              "Max": null,
              "Applied": false,
              "Count": 1,
              "Statement": null,
              "DisplayCoachMarks": false
            },
            {
              "Name": "Winn",
              "Term": "Winn",
              "ExtraOutputFields": {},
              "Min": null,
              "Max": null,
              "Applied": false,
              "Count": 1,
              "Statement": null,
              "DisplayCoachMarks": false
            },
            {
              "Name": "Wizz Fizz",
              "Term": "Wizz Fizz",
              "ExtraOutputFields": {},
              "Min": null,
              "Max": null,
              "Applied": false,
              "Count": 2,
              "Statement": null,
              "DisplayCoachMarks": false
            },
            {
              "Name": "Wokka",
              "Term": "Wokka",
              "ExtraOutputFields": {},
              "Min": null,
              "Max": null,
              "Applied": false,
              "Count": 8,
              "Statement": null,
              "DisplayCoachMarks": false
            },
            {
              "Name": "Woolworths",
              "Term": "Woolworths",
              "ExtraOutputFields": {},
              "Min": null,
              "Max": null,
              "Applied": false,
              "Count": 685,
              "Statement": null,
              "DisplayCoachMarks": false
            },
            {
              "Name": "Wow",
              "Term": "Wow",
              "ExtraOutputFields": {},
              "Min": null,
              "Max": null,
              "Applied": false,
              "Count": 1,
              "Statement": null,
              "DisplayCoachMarks": false
            },
            {
              "Name": "Wowbutter",
              "Term": "Wowbutter",
              "ExtraOutputFields": {},
              "Min": null,
              "Max": null,
              "Applied": false,
              "Count": 1,
              "Statement": null,
              "DisplayCoachMarks": false
            },
            {
              "Name": "Wrigley's",
              "Term": "Wrigley's",
              "ExtraOutputFields": {},
              "Min": null,
              "Max": null,
              "Applied": false,
              "Count": 11,
              "Statement": null,
              "DisplayCoachMarks": false
            }
          ]
        },
        {
          "Alphabet": "X",
          "Filters": []
        },
        {
          "Alphabet": "Y",
          "Filters": [
            {
              "Name": "Yackandandah",
              "Term": "Yackandandah",
              "ExtraOutputFields": {},
              "Min": null,
              "Max": null,
              "Applied": false,
              "Count": 1,
              "Statement": null,
              "DisplayCoachMarks": false
            },
            {
              "Name": "Yehda",
              "Term": "Yehda",
              "ExtraOutputFields": {},
              "Min": null,
              "Max": null,
              "Applied": false,
              "Count": 1,
              "Statement": null,
              "DisplayCoachMarks": false
            },
            {
              "Name": "Yeo's",
              "Term": "Yeo's",
              "ExtraOutputFields": {},
              "Min": null,
              "Max": null,
              "Applied": false,
              "Count": 9,
              "Statement": null,
              "DisplayCoachMarks": false
            },
            {
              "Name": "Yoodles",
              "Term": "Yoodles",
              "ExtraOutputFields": {},
              "Min": null,
              "Max": null,
              "Applied": false,
              "Count": 2,
              "Statement": null,
              "DisplayCoachMarks": false
            },
            {
              "Name": "Yoosh",
              "Term": "Yoosh",
              "ExtraOutputFields": {},
              "Min": null,
              "Max": null,
              "Applied": false,
              "Count": 1,
              "Statement": null,
              "DisplayCoachMarks": false
            },
            {
              "Name": "Yowie",
              "Term": "Yowie",
              "ExtraOutputFields": {},
              "Min": null,
              "Max": null,
              "Applied": false,
              "Count": 1,
              "Statement": null,
              "DisplayCoachMarks": false
            }
          ]
        },
        {
          "Alphabet": "Z",
          "Filters": [
            {
              "Name": "Zafarelli",
              "Term": "Zafarelli",
              "ExtraOutputFields": {},
              "Min": null,
              "Max": null,
              "Applied": false,
              "Count": 4,
              "Statement": null,
              "DisplayCoachMarks": false
            },
            {
              "Name": "Zappo",
              "Term": "Zappo",
              "ExtraOutputFields": {},
              "Min": null,
              "Max": null,
              "Applied": false,
              "Count": 1,
              "Statement": null,
              "DisplayCoachMarks": false
            },
            {
              "Name": "Zazres Gelt",
              "Term": "Zazres Gelt",
              "ExtraOutputFields": {},
              "Min": null,
              "Max": null,
              "Applied": false,
              "Count": 2,
              "Statement": null,
              "DisplayCoachMarks": false
            },
            {
              "Name": "Zooper Dooper",
              "Term": "Zooper Dooper",
              "ExtraOutputFields": {},
              "Min": null,
              "Max": null,
              "Applied": false,
              "Count": 1,
              "Statement": null,
              "DisplayCoachMarks": false
            },
            {
              "Name": "Zwan",
              "Term": "Zwan",
              "ExtraOutputFields": {},
              "Min": null,
              "Max": null,
              "Applied": false,
              "Count": 3,
              "Statement": null,
              "DisplayCoachMarks": false
            }
          ]
        }
      ],
      "State": "Closed",
      "Rank": 1,
      "AdditionalResults": false,
      "DesignType": "Default",
      "ShowFilter": true,
      "Statement": null,
      "DisplayCoachMarks": false
    },
    {
      "Name": "Allergens",
      "DisplayName": "Allergens",
      "Type": "Multi",
      "FilterType": "Term",
      "FilterDataType": "String",
      "Results": null,
      "ResultsGrouped": [
        {
          "Alphabet": "0-9",
          "Filters": []
        },
        {
          "Alphabet": "A",
          "Filters": []
        },
        {
          "Alphabet": "B",
          "Filters": []
        },
        {
          "Alphabet": "C",
          "Filters": [
            {
              "Name": "Crustacea Free",
              "Term": "Crustacea Free",
              "ExtraOutputFields": {},
              "Min": null,
              "Max": null,
              "Applied": false,
              "Count": 52,
              "Statement": null,
              "DisplayCoachMarks": false
            }
          ]
        },
        {
          "Alphabet": "D",
          "Filters": [
            {
              "Name": "Dairy Free",
              "Term": "Dairy Free",
              "ExtraOutputFields": {},
              "Min": null,
              "Max": null,
              "Applied": false,
              "Count": 3451,
              "Statement": null,
              "DisplayCoachMarks": false
            }
          ]
        },
        {
          "Alphabet": "E",
          "Filters": [
            {
              "Name": "Egg Free",
              "Term": "Egg Free",
              "ExtraOutputFields": {},
              "Min": null,
              "Max": null,
              "Applied": false,
              "Count": 4862,
              "Statement": null,
              "DisplayCoachMarks": false
            }
          ]
        },
        {
          "Alphabet": "F",
          "Filters": [
            {
              "Name": "Fish Free",
              "Term": "Fish Free",
              "ExtraOutputFields": {},
              "Min": null,
              "Max": null,
              "Applied": false,
              "Count": 5347,
              "Statement": null,
              "DisplayCoachMarks": false
            }
          ]
        },
        {
          "Alphabet": "G",
          "Filters": [
            {
              "Name": "Gluten Free",
              "Term": "Gluten Free",
              "ExtraOutputFields": {},
              "Min": null,
              "Max": null,
              "Applied": false,
              "Count": 3513,
              "Statement": null,
              "DisplayCoachMarks": false
            }
          ]
        },
        {
          "Alphabet": "H",
          "Filters": []
        },
        {
          "Alphabet": "I",
          "Filters": []
        },
        {
          "Alphabet": "J",
          "Filters": []
        },
        {
          "Alphabet": "K",
          "Filters": []
        },
        {
          "Alphabet": "L",
          "Filters": [
            {
              "Name": "Lactose Free",
              "Term": "Lactose Free",
              "ExtraOutputFields": {},
              "Min": null,
              "Max": null,
              "Applied": false,
              "Count": 3442,
              "Statement": null,
              "DisplayCoachMarks": false
            },
            {
              "Name": "Lupin Free",
              "Term": "Lupin Free",
              "ExtraOutputFields": {},
              "Min": null,
              "Max": null,
              "Applied": false,
              "Count": 5610,
              "Statement": null,
              "DisplayCoachMarks": false
            }
          ]
        },
        {
          "Alphabet": "M",
          "Filters": []
        },
        {
          "Alphabet": "N",
          "Filters": [
            {
              "Name": "No Artificial Colours & Flavours",
              "Term": "No Artificial Colours & Flavours",
              "ExtraOutputFields": {},
              "Min": null,
              "Max": null,
              "Applied": false,
              "Count": 2,
              "Statement": null,
              "DisplayCoachMarks": false
            },
            {
              "Name": "No Artificial Colours or Flavours",
              "Term": "No Artificial Colours or Flavours",
              "ExtraOutputFields": {},
              "Min": null,
              "Max": null,
              "Applied": false,
              "Count": 2645,
              "Statement": null,
              "DisplayCoachMarks": false
            },
            {
              "Name": "No Artificial Preservatives",
              "Term": "No Artificial Preservatives",
              "ExtraOutputFields": {},
              "Min": null,
              "Max": null,
              "Applied": false,
              "Count": 1818,
              "Statement": null,
              "DisplayCoachMarks": false
            },
            {
              "Name": "No Peanuts",
              "Term": "No Peanuts",
              "ExtraOutputFields": {},
              "Min": null,
              "Max": null,
              "Applied": false,
              "Count": 138,
              "Statement": null,
              "DisplayCoachMarks": false
            },
            {
              "Name": "No Tree Nuts",
              "Term": "No Tree Nuts",
              "ExtraOutputFields": {},
              "Min": null,
              "Max": null,
              "Applied": false,
              "Count": 132,
              "Statement": null,
              "DisplayCoachMarks": false
            }
          ]
        },
        {
          "Alphabet": "O",
          "Filters": []
        },
        {
          "Alphabet": "P",
          "Filters": []
        },
        {
          "Alphabet": "Q",
          "Filters": []
        },
        {
          "Alphabet": "R",
          "Filters": []
        },
        {
          "Alphabet": "S",
          "Filters": [
            {
              "Name": "Sesame Free",
              "Term": "Sesame Free",
              "ExtraOutputFields": {},
              "Min": null,
              "Max": null,
              "Applied": false,
              "Count": 39,
              "Statement": null,
              "DisplayCoachMarks": false
            },
            {
              "Name": "Shellfish Free",
              "Term": "Shellfish Free",
              "ExtraOutputFields": {},
              "Min": null,
              "Max": null,
              "Applied": false,
              "Count": 20,
              "Statement": null,
              "DisplayCoachMarks": false
            },
            {
              "Name": "Soy Free",
              "Term": "Soy Free",
              "ExtraOutputFields": {},
              "Min": null,
              "Max": null,
              "Applied": false,
              "Count": 3208,
              "Statement": null,
              "DisplayCoachMarks": false
            },
            {
              "Name": "Sulphite Free",
              "Term": "Sulphite Free",
              "ExtraOutputFields": {},
              "Min": null,
              "Max": null,
              "Applied": false,
              "Count": 47,
              "Statement": null,
              "DisplayCoachMarks": false
            }
          ]
        },
        {
          "Alphabet": "T",
          "Filters": []
        },
        {
          "Alphabet": "U",
          "Filters": []
        },
        {
          "Alphabet": "V",
          "Filters": []
        },
        {
          "Alphabet": "W",
          "Filters": [
            {
              "Name": "Wheat Free",
              "Term": "Wheat Free",
              "ExtraOutputFields": {},
              "Min": null,
              "Max": null,
              "Applied": false,
              "Count": 3879,
              "Statement": null,
              "DisplayCoachMarks": false
            }
          ]
        },
        {
          "Alphabet": "X",
          "Filters": []
        },
        {
          "Alphabet": "Y",
          "Filters": []
        },
        {
          "Alphabet": "Z",
          "Filters": []
        }
      ],
      "State": "Closed",
      "Rank": 1,
      "AdditionalResults": false,
      "DesignType": "Default",
      "ShowFilter": true,
      "Statement": "Please always check the product label or enquire with the manufacturer before consuming. In Partnership with Spoon Guru. <a href=\" https://www.woolworths.com.au/shop/discover/healthy-eating/allergies-and-intolerances/filters\" target=\"_blank\">Find out more about our filters </a></span>",
      "DisplayCoachMarks": false
    },
    {
      "Name": "Lifestyle",
      "DisplayName": "Dietary and Lifestyle",
      "Type": "Multi",
      "FilterType": "Term",
      "FilterDataType": "String",
      "Results": null,
      "ResultsGrouped": [
        {
          "Alphabet": "0-9",
          "Filters": []
        },
        {
          "Alphabet": "A",
          "Filters": []
        },
        {
          "Alphabet": "B",
          "Filters": []
        },
        {
          "Alphabet": "C",
          "Filters": []
        },
        {
          "Alphabet": "D",
          "Filters": []
        },
        {
          "Alphabet": "E",
          "Filters": []
        },
        {
          "Alphabet": "F",
          "Filters": [
            {
              "Name": "Fair Trade",
              "Term": "Fair Trade",
              "ExtraOutputFields": {},
              "Min": null,
              "Max": null,
              "Applied": false,
              "Count": 27,
              "Statement": null,
              "DisplayCoachMarks": false
            },
            {
              "Name": "Free Range",
              "Term": "Free Range",
              "ExtraOutputFields": {},
              "Min": null,
              "Max": null,
              "Applied": false,
              "Count": 37,
              "Statement": null,
              "DisplayCoachMarks": false
            }
          ]
        },
        {
          "Alphabet": "G",
          "Filters": [
            {
              "Name": "Gluten Free",
              "Term": "Gluten Free",
              "ExtraOutputFields": {},
              "Min": null,
              "Max": null,
              "Applied": false,
              "Count": 3515,
              "Statement": null,
              "DisplayCoachMarks": false
            }
          ]
        },
        {
          "Alphabet": "H",
          "Filters": [
            {
              "Name": "Halal",
              "Term": "Halal",
              "ExtraOutputFields": {},
              "Min": null,
              "Max": null,
              "Applied": false,
              "Count": 342,
              "Statement": null,
              "DisplayCoachMarks": false
            },
            {
              "Name": "High Fibre",
              "Term": "High Fibre",
              "ExtraOutputFields": {},
              "Min": null,
              "Max": null,
              "Applied": false,
              "Count": 609,
              "Statement": null,
              "DisplayCoachMarks": false
            },
            {
              "Name": "High Protein",
              "Term": "High Protein",
              "ExtraOutputFields": {},
              "Min": null,
              "Max": null,
              "Applied": false,
              "Count": 468,
              "Statement": null,
              "DisplayCoachMarks": false
            }
          ]
        },
        {
          "Alphabet": "I",
          "Filters": []
        },
        {
          "Alphabet": "J",
          "Filters": []
        },
        {
          "Alphabet": "K",
          "Filters": [
            {
              "Name": "Kosher",
              "Term": "Kosher",
              "ExtraOutputFields": {},
              "Min": null,
              "Max": null,
              "Applied": false,
              "Count": 363,
              "Statement": null,
              "DisplayCoachMarks": false
            }
          ]
        },
        {
          "Alphabet": "L",
          "Filters": [
            {
              "Name": "Low Fat",
              "Term": "Low Fat",
              "ExtraOutputFields": {},
              "Min": null,
              "Max": null,
              "Applied": false,
              "Count": 2582,
              "Statement": null,
              "DisplayCoachMarks": false
            },
            {
              "Name": "Low Salt",
              "Term": "Low Salt",
              "ExtraOutputFields": {},
              "Min": null,
              "Max": null,
              "Applied": false,
              "Count": 2565,
              "Statement": null,
              "DisplayCoachMarks": false
            },
            {
              "Name": "Low Saturated Fat",
              "Term": "Low Saturated Fat",
              "ExtraOutputFields": {},
              "Min": null,
              "Max": null,
              "Applied": false,
              "Count": 1089,
              "Statement": null,
              "DisplayCoachMarks": false
            },
            {
              "Name": "Low Sugar",
              "Term": "Low Sugar",
              "ExtraOutputFields": {},
              "Min": null,
              "Max": null,
              "Applied": false,
              "Count": 2625,
              "Statement": null,
              "DisplayCoachMarks": false
            }
          ]
        },
        {
          "Alphabet": "M",
          "Filters": []
        },
        {
          "Alphabet": "N",
          "Filters": [
            {
              "Name": "No Caffeine",
              "Term": "No Caffeine",
              "ExtraOutputFields": {},
              "Min": null,
              "Max": null,
              "Applied": false,
              "Count": 32,
              "Statement": null,
              "DisplayCoachMarks": false
            }
          ]
        },
        {
          "Alphabet": "O",
          "Filters": [
            {
              "Name": "Organic",
              "Term": "Organic",
              "ExtraOutputFields": {},
              "Min": null,
              "Max": null,
              "Applied": false,
              "Count": 317,
              "Statement": null,
              "DisplayCoachMarks": false
            }
          ]
        },
        {
          "Alphabet": "P",
          "Filters": []
        },
        {
          "Alphabet": "Q",
          "Filters": []
        },
        {
          "Alphabet": "R",
          "Filters": []
        },
        {
          "Alphabet": "S",
          "Filters": [
            {
              "Name": "Source of Calcium",
              "Term": "Source of Calcium",
              "ExtraOutputFields": {},
              "Min": null,
              "Max": null,
              "Applied": false,
              "Count": 362,
              "Statement": null,
              "DisplayCoachMarks": false
            },
            {
              "Name": "Source of Fibre",
              "Term": "Source of Fibre",
              "ExtraOutputFields": {},
              "Min": null,
              "Max": null,
              "Applied": false,
              "Count": 1373,
              "Statement": null,
              "DisplayCoachMarks": false
            },
            {
              "Name": "Source of Iron",
              "Term": "Source of Iron",
              "ExtraOutputFields": {},
              "Min": null,
              "Max": null,
              "Applied": false,
              "Count": 737,
              "Statement": null,
              "DisplayCoachMarks": false
            },
            {
              "Name": "Source of Protein",
              "Term": "Source of Protein",
              "ExtraOutputFields": {},
              "Min": null,
              "Max": null,
              "Applied": false,
              "Count": 1144,
              "Statement": null,
              "DisplayCoachMarks": false
            },
            {
              "Name": "Sustainably Sourced",
              "Term": "Sustainably Sourced",
              "ExtraOutputFields": {},
              "Min": null,
              "Max": null,
              "Applied": false,
              "Count": 54,
              "Statement": null,
              "DisplayCoachMarks": false
            }
          ]
        },
        {
          "Alphabet": "T",
          "Filters": []
        },
        {
          "Alphabet": "U",
          "Filters": []
        },
        {
          "Alphabet": "V",
          "Filters": [
            {
              "Name": "Vegan",
              "Term": "Vegan",
              "ExtraOutputFields": {},
              "Min": null,
              "Max": null,
              "Applied": false,
              "Count": 2794,
              "Statement": null,
              "DisplayCoachMarks": false
            },
            {
              "Name": "Vegetarian",
              "Term": "Vegetarian",
              "ExtraOutputFields": {},
              "Min": null,
              "Max": null,
              "Applied": false,
              "Count": 3717,
              "Statement": null,
              "DisplayCoachMarks": false
            }
          ]
        },
        {
          "Alphabet": "W",
          "Filters": [
            {
              "Name": "Wholegrain",
              "Term": "Wholegrain",
              "ExtraOutputFields": {},
              "Min": null,
              "Max": null,
              "Applied": false,
              "Count": 206,
              "Statement": null,
              "DisplayCoachMarks": false
            }
          ]
        },
        {
          "Alphabet": "X",
          "Filters": []
        },
        {
          "Alphabet": "Y",
          "Filters": []
        },
        {
          "Alphabet": "Z",
          "Filters": []
        }
      ],
      "State": "Closed",
      "Rank": 1,
      "AdditionalResults": false,
      "DesignType": "Default",
      "ShowFilter": true,
      "Statement": "Please always check the product label or enquire with the manufacturer before consuming. In Partnership with Spoon Guru. <a href=\" https://www.woolworths.com.au/shop/discover/healthy-eating/allergies-and-intolerances/filters\" target=\"_blank\">Find out more about our filters </a></span>",
      "DisplayCoachMarks": false
    },
    {
      "Name": "Healthstar",
      "DisplayName": "Health Star Rating",
      "Type": "Multi",
      "FilterType": "Term",
      "FilterDataType": "String",
      "Results": null,
      "ResultsGrouped": [
        {
          "Alphabet": "0-9",
          "Filters": [
            {
              "Name": "1-star",
              "Term": "1-star",
              "ExtraOutputFields": {},
              "Min": null,
              "Max": null,
              "Applied": false,
              "Count": 133,
              "Statement": null,
              "DisplayCoachMarks": false
            },
            {
              "Name": "2-star",
              "Term": "2-star",
              "ExtraOutputFields": {},
              "Min": null,
              "Max": null,
              "Applied": false,
              "Count": 209,
              "Statement": null,
              "DisplayCoachMarks": false
            },
            {
              "Name": "3-star",
              "Term": "3-star",
              "ExtraOutputFields": {},
              "Min": null,
              "Max": null,
              "Applied": false,
              "Count": 450,
              "Statement": null,
              "DisplayCoachMarks": false
            },
            {
              "Name": "4-star",
              "Term": "4-star",
              "ExtraOutputFields": {},
              "Min": null,
              "Max": null,
              "Applied": false,
              "Count": 634,
              "Statement": null,
              "DisplayCoachMarks": false
            },
            {
              "Name": "5-star",
              "Term": "5-star",
              "ExtraOutputFields": {},
              "Min": null,
              "Max": null,
              "Applied": false,
              "Count": 206,
              "Statement": null,
              "DisplayCoachMarks": false
            }
          ]
        },
        {
          "Alphabet": "A",
          "Filters": []
        },
        {
          "Alphabet": "B",
          "Filters": []
        },
        {
          "Alphabet": "C",
          "Filters": []
        },
        {
          "Alphabet": "D",
          "Filters": []
        },
        {
          "Alphabet": "E",
          "Filters": []
        },
        {
          "Alphabet": "F",
          "Filters": []
        },
        {
          "Alphabet": "G",
          "Filters": []
        },
        {
          "Alphabet": "H",
          "Filters": []
        },
        {
          "Alphabet": "I",
          "Filters": []
        },
        {
          "Alphabet": "J",
          "Filters": []
        },
        {
          "Alphabet": "K",
          "Filters": []
        },
        {
          "Alphabet": "L",
          "Filters": []
        },
        {
          "Alphabet": "M",
          "Filters": []
        },
        {
          "Alphabet": "N",
          "Filters": []
        },
        {
          "Alphabet": "O",
          "Filters": []
        },
        {
          "Alphabet": "P",
          "Filters": []
        },
        {
          "Alphabet": "Q",
          "Filters": []
        },
        {
          "Alphabet": "R",
          "Filters": []
        },
        {
          "Alphabet": "S",
          "Filters": []
        },
        {
          "Alphabet": "T",
          "Filters": []
        },
        {
          "Alphabet": "U",
          "Filters": []
        },
        {
          "Alphabet": "V",
          "Filters": []
        },
        {
          "Alphabet": "W",
          "Filters": []
        },
        {
          "Alphabet": "X",
          "Filters": []
        },
        {
          "Alphabet": "Y",
          "Filters": []
        },
        {
          "Alphabet": "Z",
          "Filters": []
        }
      ],
      "State": "Closed",
      "Rank": 1,
      "AdditionalResults": false,
      "DesignType": "Default",
      "ShowFilter": true,
      "Statement": null,
      "DisplayCoachMarks": false
    },
    {
      "Name": "Category",
      "DisplayName": "Categories",
      "Type": "Multi",
      "FilterType": "Term",
      "FilterDataType": "String",
      "Results": [
        {
          "Name": "1_39FD49C",
          "Term": "1_39FD49C",
          "ExtraOutputFields": {
            "description": "Pantry",
            "nodelevel": 1,
            "displayorder": 5,
            "parentnodeid": null
          },
          "Min": null,
          "Max": null,
          "Applied": false,
          "Count": 7094,
          "Statement": null,
          "DisplayCoachMarks": false
        },
        {
          "Name": "1_099FB37",
          "Term": "1_099FB37",
          "ExtraOutputFields": {
            "description": "Snacks & Confectionery",
            "nodelevel": 2,
            "displayorder": 34,
            "parentnodeid": "1_39FD49C"
          },
          "Min": null,
          "Max": null,
          "Applied": false,
          "Count": 1619,
          "Statement": null,
          "DisplayCoachMarks": false
        },
        {
          "Name": "1_53601CD",
          "Term": "1_53601CD",
          "ExtraOutputFields": {
            "description": "International Foods",
            "nodelevel": 2,
            "displayorder": 44,
            "parentnodeid": "1_39FD49C"
          },
          "Min": null,
          "Max": null,
          "Applied": false,
          "Count": 1030,
          "Statement": null,
          "DisplayCoachMarks": false
        },
        {
          "Name": "1_23C59D3",
          "Term": "1_23C59D3",
          "ExtraOutputFields": {
            "description": "Canned Food & Instant Meals",
            "nodelevel": 2,
            "displayorder": 41,
            "parentnodeid": "1_39FD49C"
          },
          "Min": null,
          "Max": null,
          "Applied": false,
          "Count": 962,
          "Statement": null,
          "DisplayCoachMarks": false
        },
        {
          "Name": "1_83608CE",
          "Term": "1_83608CE",
          "ExtraOutputFields": {
            "description": "Sauce, Oil & Vinegar",
            "nodelevel": 2,
            "displayorder": 43,
            "parentnodeid": "1_39FD49C"
          },
          "Min": null,
          "Max": null,
          "Applied": false,
          "Count": 750,
          "Statement": null,
          "DisplayCoachMarks": false
        },
        {
          "Name": "1_C4BB750",
          "Term": "1_C4BB750",
          "ExtraOutputFields": {
            "description": "Easter",
            "nodelevel": 1,
            "displayorder": 14,
            "parentnodeid": null
          },
          "Min": null,
          "Max": null,
          "Applied": false,
          "Count": 654,
          "Statement": null,
          "DisplayCoachMarks": false
        },
        {
          "Name": "1_5706590",
          "Term": "1_5706590",
          "ExtraOutputFields": {
            "description": "Health Foods",
            "nodelevel": 2,
            "displayorder": 36,
            "parentnodeid": "1_39FD49C"
          },
          "Min": null,
          "Max": null,
          "Applied": false,
          "Count": 578,
          "Statement": null,
          "DisplayCoachMarks": false
        },
        {
          "Name": "1_8458E3A",
          "Term": "1_8458E3A",
          "ExtraOutputFields": {
            "description": "Baking",
            "nodelevel": 2,
            "displayorder": 39,
            "parentnodeid": "1_39FD49C"
          },
          "Min": null,
          "Max": null,
          "Applied": false,
          "Count": 551,
          "Statement": null,
          "DisplayCoachMarks": false
        },
        {
          "Name": "1_C7A623D",
          "Term": "1_C7A623D",
          "ExtraOutputFields": {
            "description": "Breakfast & Spreads",
            "nodelevel": 2,
            "displayorder": 35,
            "parentnodeid": "1_39FD49C"
          },
          "Min": null,
          "Max": null,
          "Applied": false,
          "Count": 528,
          "Statement": null,
          "DisplayCoachMarks": false
        },
        {
          "Name": "1_5AF3A0A",
          "Term": "1_5AF3A0A",
          "ExtraOutputFields": {
            "description": "Drinks",
            "nodelevel": 1,
            "displayorder": 7,
            "parentnodeid": null
          },
          "Min": null,
          "Max": null,
          "Applied": false,
          "Count": 467,
          "Statement": null,
          "DisplayCoachMarks": false
        },
        {
          "Name": "1_8A702B7",
          "Term": "1_8A702B7",
          "ExtraOutputFields": {
            "description": "Tea & Coffee",
            "nodelevel": 2,
            "displayorder": 37,
            "parentnodeid": "1_39FD49C"
          },
          "Min": null,
          "Max": null,
          "Applied": false,
          "Count": 461,
          "Statement": null,
          "DisplayCoachMarks": false
        },
        {
          "Name": "1_A43B787",
          "Term": "1_A43B787",
          "ExtraOutputFields": {
            "description": "Asian",
            "nodelevel": 3,
            "displayorder": 308,
            "parentnodeid": "1_53601CD"
          },
          "Min": null,
          "Max": null,
          "Applied": false,
          "Count": 413,
          "Statement": null,
          "DisplayCoachMarks": false
        },
        {
          "Name": "1_F43CC25",
          "Term": "1_F43CC25",
          "ExtraOutputFields": {
            "description": "Condiments",
            "nodelevel": 2,
            "displayorder": 40,
            "parentnodeid": "1_39FD49C"
          },
          "Min": null,
          "Max": null,
          "Applied": false,
          "Count": 394,
          "Statement": null,
          "DisplayCoachMarks": false
        },
        {
          "Name": "1_F779C5C",
          "Term": "1_F779C5C",
          "ExtraOutputFields": {
            "description": "Herbs & Spices",
            "nodelevel": 2,
            "displayorder": 38,
            "parentnodeid": "1_39FD49C"
          },
          "Min": null,
          "Max": null,
          "Applied": false,
          "Count": 344,
          "Statement": null,
          "DisplayCoachMarks": false
        },
        {
          "Name": "1_B5F8608",
          "Term": "1_B5F8608",
          "ExtraOutputFields": {
            "description": "Pasta, Rice & Grains",
            "nodelevel": 2,
            "displayorder": 42,
            "parentnodeid": "1_39FD49C"
          },
          "Min": null,
          "Max": null,
          "Applied": false,
          "Count": 321,
          "Statement": null,
          "DisplayCoachMarks": false
        },
        {
          "Name": "1_3DB16DE",
          "Term": "1_3DB16DE",
          "ExtraOutputFields": {
            "description": "Coffee",
            "nodelevel": 2,
            "displayorder": 52,
            "parentnodeid": "1_5AF3A0A"
          },
          "Min": null,
          "Max": null,
          "Applied": false,
          "Count": 291,
          "Statement": null,
          "DisplayCoachMarks": false
        },
        {
          "Name": "1_6102D14",
          "Term": "1_6102D14",
          "ExtraOutputFields": {
            "description": "Lunch Box",
            "nodelevel": 2,
            "displayorder": 46,
            "parentnodeid": "1_39FD49C"
          },
          "Min": null,
          "Max": null,
          "Applied": false,
          "Count": 266,
          "Statement": null,
          "DisplayCoachMarks": false
        },
        {
          "Name": "1_A2FDC39",
          "Term": "1_A2FDC39",
          "ExtraOutputFields": {
            "description": "Health Snacks & Drinks",
            "nodelevel": 3,
            "displayorder": 332,
            "parentnodeid": "1_5706590"
          },
          "Min": null,
          "Max": null,
          "Applied": false,
          "Count": 259,
          "Statement": null,
          "DisplayCoachMarks": false
        },
        {
          "Name": "1_DCDA127",
          "Term": "1_DCDA127",
          "ExtraOutputFields": {
            "description": "Entertaining",
            "nodelevel": 2,
            "displayorder": 115,
            "parentnodeid": "1_C4BB750"
          },
          "Min": null,
          "Max": null,
          "Applied": false,
          "Count": 243,
          "Statement": null,
          "DisplayCoachMarks": false
        },
        {
          "Name": "1_534054E",
          "Term": "1_534054E",
          "ExtraOutputFields": {
            "description": "Baking",
            "nodelevel": 2,
            "displayorder": 114,
            "parentnodeid": "1_C4BB750"
          },
          "Min": null,
          "Max": null,
          "Applied": false,
          "Count": 236,
          "Statement": null,
          "DisplayCoachMarks": false
        },
        {
          "Name": "1_717DC47",
          "Term": "1_717DC47",
          "ExtraOutputFields": {
            "description": "Indian",
            "nodelevel": 3,
            "displayorder": 312,
            "parentnodeid": "1_53601CD"
          },
          "Min": null,
          "Max": null,
          "Applied": false,
          "Count": 230,
          "Statement": null,
          "DisplayCoachMarks": false
        },
        {
          "Name": "1_B55DD8D",
          "Term": "1_B55DD8D",
          "ExtraOutputFields": {
            "description": "Canned Soup & Soup Ingredients",
            "nodelevel": 3,
            "displayorder": 246,
            "parentnodeid": "1_23C59D3"
          },
          "Min": null,
          "Max": null,
          "Applied": false,
          "Count": 219,
          "Statement": null,
          "DisplayCoachMarks": false
        },
        {
          "Name": "1_2F0BF1B",
          "Term": "1_2F0BF1B",
          "ExtraOutputFields": {
            "description": "Biscuits & Cookies",
            "nodelevel": 3,
            "displayorder": 169,
            "parentnodeid": "1_099FB37"
          },
          "Min": null,
          "Max": null,
          "Applied": false,
          "Count": 209,
          "Statement": null,
          "DisplayCoachMarks": false
        },
        {
          "Name": "1_B44A358",
          "Term": "1_B44A358",
          "ExtraOutputFields": {
            "description": "Dried Herbs & Spices",
            "nodelevel": 3,
            "displayorder": 818,
            "parentnodeid": "1_F779C5C"
          },
          "Min": null,
          "Max": null,
          "Applied": false,
          "Count": 205,
          "Statement": null,
          "DisplayCoachMarks": false
        },
        {
          "Name": "1_7FB0BDB",
          "Term": "1_7FB0BDB",
          "ExtraOutputFields": {
            "description": "Nuts & Snack Pots",
            "nodelevel": 3,
            "displayorder": 172,
            "parentnodeid": "1_099FB37"
          },
          "Min": null,
          "Max": null,
          "Applied": false,
          "Count": 196,
          "Statement": null,
          "DisplayCoachMarks": false
        },
        {
          "Name": "1_DB1AE2F",
          "Term": "1_DB1AE2F",
          "ExtraOutputFields": {
            "description": "Muesli Bars & Snack Bars",
            "nodelevel": 3,
            "displayorder": 171,
            "parentnodeid": "1_099FB37"
          },
          "Min": null,
          "Max": null,
          "Applied": false,
          "Count": 175,
          "Statement": null,
          "DisplayCoachMarks": false
        },
        {
          "Name": "1_341A912",
          "Term": "1_341A912",
          "ExtraOutputFields": {
            "description": "Tea",
            "nodelevel": 2,
            "displayorder": 51,
            "parentnodeid": "1_5AF3A0A"
          },
          "Min": null,
          "Max": null,
          "Applied": false,
          "Count": 169,
          "Statement": null,
          "DisplayCoachMarks": false
        },
        {
          "Name": "1_CBB2A83",
          "Term": "1_CBB2A83",
          "ExtraOutputFields": {
            "description": "Vegetarian & Vegan",
            "nodelevel": 2,
            "displayorder": 119,
            "parentnodeid": "1_C4BB750"
          },
          "Min": null,
          "Max": null,
          "Applied": false,
          "Count": 156,
          "Statement": null,
          "DisplayCoachMarks": false
        },
        {
          "Name": "1_22F5977",
          "Term": "1_22F5977",
          "ExtraOutputFields": {
            "description": "Herbal & Specialty Tea",
            "nodelevel": 3,
            "displayorder": 291,
            "parentnodeid": "1_341A912"
          },
          "Min": null,
          "Max": null,
          "Applied": false,
          "Count": 154,
          "Statement": null,
          "DisplayCoachMarks": false
        },
        {
          "Name": "1_8696E89",
          "Term": "1_8696E89",
          "ExtraOutputFields": {
            "description": "Sweets, Lollies & Licorice",
            "nodelevel": 3,
            "displayorder": 177,
            "parentnodeid": "1_099FB37"
          },
          "Min": null,
          "Max": null,
          "Applied": false,
          "Count": 146,
          "Statement": null,
          "DisplayCoachMarks": false
        },
        {
          "Name": "1_A61D6BD",
          "Term": "1_A61D6BD",
          "ExtraOutputFields": {
            "description": "Salad Dressings",
            "nodelevel": 3,
            "displayorder": 799,
            "parentnodeid": "1_F43CC25"
          },
          "Min": null,
          "Max": null,
          "Applied": false,
          "Count": 136,
          "Statement": null,
          "DisplayCoachMarks": false
        },
        {
          "Name": "1_69969BC",
          "Term": "1_69969BC",
          "ExtraOutputFields": {
            "description": "Canned Vegetables",
            "nodelevel": 3,
            "displayorder": 250,
            "parentnodeid": "1_23C59D3"
          },
          "Min": null,
          "Max": null,
          "Applied": false,
          "Count": 134,
          "Statement": null,
          "DisplayCoachMarks": false
        },
        {
          "Name": "1_3E7AAE5",
          "Term": "1_3E7AAE5",
          "ExtraOutputFields": {
            "description": "Simmer Sauce & Recipe Bases",
            "nodelevel": 3,
            "displayorder": 446,
            "parentnodeid": "1_83608CE"
          },
          "Min": null,
          "Max": null,
          "Applied": false,
          "Count": 131,
          "Statement": null,
          "DisplayCoachMarks": false
        },
        {
          "Name": "1_AA98AD6",
          "Term": "1_AA98AD6",
          "ExtraOutputFields": {
            "description": "Health Fruit, Nuts, Grains & Seeds",
            "nodelevel": 3,
            "displayorder": 329,
            "parentnodeid": "1_5706590"
          },
          "Min": null,
          "Max": null,
          "Applied": false,
          "Count": 131,
          "Statement": null,
          "DisplayCoachMarks": false
        },
        {
          "Name": "1_D275B3D",
          "Term": "1_D275B3D",
          "ExtraOutputFields": {
            "description": "Chips, Nuts & Snacks",
            "nodelevel": 3,
            "displayorder": 736,
            "parentnodeid": "1_DCDA127"
          },
          "Min": null,
          "Max": null,
          "Applied": false,
          "Count": 131,
          "Statement": null,
          "DisplayCoachMarks": false
        },
        {
          "Name": "1_E8136E3",
          "Term": "1_E8136E3",
          "ExtraOutputFields": {
            "description": "Pizza & Pasta Sauce",
            "nodelevel": 3,
            "displayorder": 442,
            "parentnodeid": "1_83608CE"
          },
          "Min": null,
          "Max": null,
          "Applied": false,
          "Count": 131,
          "Statement": null,
          "DisplayCoachMarks": false
        },
        {
          "Name": "1_2046A5A",
          "Term": "1_2046A5A",
          "ExtraOutputFields": {
            "description": "Soy & Asian Sauces",
            "nodelevel": 3,
            "displayorder": 444,
            "parentnodeid": "1_83608CE"
          },
          "Min": null,
          "Max": null,
          "Applied": false,
          "Count": 123,
          "Statement": null,
          "DisplayCoachMarks": false
        },
        {
          "Name": "1_21A5468",
          "Term": "1_21A5468",
          "ExtraOutputFields": {
            "description": "Snacks",
            "nodelevel": 3,
            "displayorder": 667,
            "parentnodeid": "1_CBB2A83"
          },
          "Min": null,
          "Max": null,
          "Applied": false,
          "Count": 122,
          "Statement": null,
          "DisplayCoachMarks": false
        },
        {
          "Name": "1_24957B7",
          "Term": "1_24957B7",
          "ExtraOutputFields": {
            "description": "Canned Beans & Legumes",
            "nodelevel": 3,
            "displayorder": 251,
            "parentnodeid": "1_23C59D3"
          },
          "Min": null,
          "Max": null,
          "Applied": false,
          "Count": 122,
          "Statement": null,
          "DisplayCoachMarks": false
        },
        {
          "Name": "1_94BB660",
          "Term": "1_94BB660",
          "ExtraOutputFields": {
            "description": "Cake & Dessert Mix",
            "nodelevel": 3,
            "displayorder": 455,
            "parentnodeid": "1_8458E3A"
          },
          "Min": null,
          "Max": null,
          "Applied": false,
          "Count": 121,
          "Statement": null,
          "DisplayCoachMarks": false
        },
        {
          "Name": "1_8A95D6B",
          "Term": "1_8A95D6B",
          "ExtraOutputFields": {
            "description": "Breakfast Cereal",
            "nodelevel": 3,
            "displayorder": 639,
            "parentnodeid": "1_C7A623D"
          },
          "Min": null,
          "Max": null,
          "Applied": false,
          "Count": 120,
          "Statement": null,
          "DisplayCoachMarks": false
        },
        {
          "Name": "1_9827098",
          "Term": "1_9827098",
          "ExtraOutputFields": {
            "description": "Chocolate Bars",
            "nodelevel": 3,
            "displayorder": 176,
            "parentnodeid": "1_099FB37"
          },
          "Min": null,
          "Max": null,
          "Applied": false,
          "Count": 120,
          "Statement": null,
          "DisplayCoachMarks": false
        },
        {
          "Name": "1_E1A04F9",
          "Term": "1_E1A04F9",
          "ExtraOutputFields": {
            "description": "Rice Cakes & Crispbread",
            "nodelevel": 3,
            "displayorder": 167,
            "parentnodeid": "1_099FB37"
          },
          "Min": null,
          "Max": null,
          "Applied": false,
          "Count": 120,
          "Statement": null,
          "DisplayCoachMarks": false
        },
        {
          "Name": "1_19D8F1D",
          "Term": "1_19D8F1D",
          "ExtraOutputFields": {
            "description": "Herbal & Specialty Tea",
            "nodelevel": 3,
            "displayorder": 475,
            "parentnodeid": "1_8A702B7"
          },
          "Min": null,
          "Max": null,
          "Applied": false,
          "Count": 118,
          "Statement": null,
          "DisplayCoachMarks": false
        },
        {
          "Name": "1_47DE06C",
          "Term": "1_47DE06C",
          "ExtraOutputFields": {
            "description": "Stock & Gravy",
            "nodelevel": 3,
            "displayorder": 450,
            "parentnodeid": "1_83608CE"
          },
          "Min": null,
          "Max": null,
          "Applied": false,
          "Count": 118,
          "Statement": null,
          "DisplayCoachMarks": false
        },
        {
          "Name": "1_A9BD340",
          "Term": "1_A9BD340",
          "ExtraOutputFields": {
            "description": "Crackers",
            "nodelevel": 3,
            "displayorder": 180,
            "parentnodeid": "1_099FB37"
          },
          "Min": null,
          "Max": null,
          "Applied": false,
          "Count": 116,
          "Statement": null,
          "DisplayCoachMarks": false
        },
        {
          "Name": "1_FE77F6F",
          "Term": "1_FE77F6F",
          "ExtraOutputFields": {
            "description": "Pasta Sheets",
            "nodelevel": 3,
            "displayorder": 594,
            "parentnodeid": "1_B5F8608"
          },
          "Min": null,
          "Max": null,
          "Applied": false,
          "Count": 116,
          "Statement": null,
          "DisplayCoachMarks": false
        },
        {
          "Name": "1_E56337E",
          "Term": "1_E56337E",
          "ExtraOutputFields": {
            "description": "Canned Tuna",
            "nodelevel": 3,
            "displayorder": 247,
            "parentnodeid": "1_23C59D3"
          },
          "Min": null,
          "Max": null,
          "Applied": false,
          "Count": 115,
          "Statement": null,
          "DisplayCoachMarks": false
        },
        {
          "Name": "1_2EA437D",
          "Term": "1_2EA437D",
          "ExtraOutputFields": {
            "description": "Instant & Flavoured Coffee",
            "nodelevel": 3,
            "displayorder": 479,
            "parentnodeid": "1_8A702B7"
          },
          "Min": null,
          "Max": null,
          "Applied": false,
          "Count": 110,
          "Statement": null,
          "DisplayCoachMarks": false
        },
        {
          "Name": "1_7579302",
          "Term": "1_7579302",
          "ExtraOutputFields": {
            "description": "Instant & Flavoured Coffee",
            "nodelevel": 3,
            "displayorder": 296,
            "parentnodeid": "1_3DB16DE"
          },
          "Min": null,
          "Max": null,
          "Applied": false,
          "Count": 110,
          "Statement": null,
          "DisplayCoachMarks": false
        },
        {
          "Name": "1_0051329",
          "Term": "1_0051329",
          "ExtraOutputFields": {
            "description": "Muesli & Oats",
            "nodelevel": 3,
            "displayorder": 640,
            "parentnodeid": "1_C7A623D"
          },
          "Min": null,
          "Max": null,
          "Applied": false,
          "Count": 109,
          "Statement": null,
          "DisplayCoachMarks": false
        },
        {
          "Name": "1_938EF05",
          "Term": "1_938EF05",
          "ExtraOutputFields": {
            "description": "Oil",
            "nodelevel": 3,
            "displayorder": 449,
            "parentnodeid": "1_83608CE"
          },
          "Min": null,
          "Max": null,
          "Applied": false,
          "Count": 109,
          "Statement": null,
          "DisplayCoachMarks": false
        },
        {
          "Name": "1_62A8E7A",
          "Term": "1_62A8E7A",
          "ExtraOutputFields": {
            "description": "Dried Pasta",
            "nodelevel": 3,
            "displayorder": 601,
            "parentnodeid": "1_B5F8608"
          },
          "Min": null,
          "Max": null,
          "Applied": false,
          "Count": 107,
          "Statement": null,
          "DisplayCoachMarks": false
        },
        {
          "Name": "1_050D440",
          "Term": "1_050D440",
          "ExtraOutputFields": {
            "description": "Canned Fruit",
            "nodelevel": 3,
            "displayorder": 252,
            "parentnodeid": "1_23C59D3"
          },
          "Min": null,
          "Max": null,
          "Applied": false,
          "Count": 104,
          "Statement": null,
          "DisplayCoachMarks": false
        },
        {
          "Name": "1_A28E287",
          "Term": "1_A28E287",
          "ExtraOutputFields": {
            "description": "Chocolate Blocks",
            "nodelevel": 3,
            "displayorder": 181,
            "parentnodeid": "1_099FB37"
          },
          "Min": null,
          "Max": null,
          "Applied": false,
          "Count": 104,
          "Statement": null,
          "DisplayCoachMarks": false
        },
        {
          "Name": "1_0E1C5DE",
          "Term": "1_0E1C5DE",
          "ExtraOutputFields": {
            "description": "Coffee Capsules",
            "nodelevel": 3,
            "displayorder": 295,
            "parentnodeid": "1_3DB16DE"
          },
          "Min": null,
          "Max": null,
          "Applied": false,
          "Count": 103,
          "Statement": null,
          "DisplayCoachMarks": false
        },
        {
          "Name": "1_69A326C",
          "Term": "1_69A326C",
          "ExtraOutputFields": {
            "description": "Desserts",
            "nodelevel": 2,
            "displayorder": 45,
            "parentnodeid": "1_39FD49C"
          },
          "Min": null,
          "Max": null,
          "Applied": false,
          "Count": 103,
          "Statement": null,
          "DisplayCoachMarks": false
        },
        {
          "Name": "1_855BFDA",
          "Term": "1_855BFDA",
          "ExtraOutputFields": {
            "description": "Coffee Capsules",
            "nodelevel": 3,
            "displayorder": 478,
            "parentnodeid": "1_8A702B7"
          },
          "Min": null,
          "Max": null,
          "Applied": false,
          "Count": 103,
          "Statement": null,
          "DisplayCoachMarks": false
        },
        {
          "Name": "1_E80241C",
          "Term": "1_E80241C",
          "ExtraOutputFields": {
            "description": "Pickled Vegetables",
            "nodelevel": 3,
            "displayorder": 802,
            "parentnodeid": "1_F43CC25"
          },
          "Min": null,
          "Max": null,
          "Applied": false,
          "Count": 103,
          "Statement": null,
          "DisplayCoachMarks": false
        },
        {
          "Name": "1_1FCF28B",
          "Term": "1_1FCF28B",
          "ExtraOutputFields": {
            "description": "Chips Sharing",
            "nodelevel": 3,
            "displayorder": 174,
            "parentnodeid": "1_099FB37"
          },
          "Min": null,
          "Max": null,
          "Applied": false,
          "Count": 102,
          "Statement": null,
          "DisplayCoachMarks": false
        },
        {
          "Name": "1_527F602",
          "Term": "1_527F602",
          "ExtraOutputFields": {
            "description": "Gums & Mints",
            "nodelevel": 3,
            "displayorder": 178,
            "parentnodeid": "1_099FB37"
          },
          "Min": null,
          "Max": null,
          "Applied": false,
          "Count": 100,
          "Statement": null,
          "DisplayCoachMarks": false
        },
        {
          "Name": "1_CB3D384",
          "Term": "1_CB3D384",
          "ExtraOutputFields": {
            "description": "Rice",
            "nodelevel": 3,
            "displayorder": 596,
            "parentnodeid": "1_B5F8608"
          },
          "Min": null,
          "Max": null,
          "Applied": false,
          "Count": 95,
          "Statement": null,
          "DisplayCoachMarks": false
        },
        {
          "Name": "1_F4AF88A",
          "Term": "1_F4AF88A",
          "ExtraOutputFields": {
            "description": "Instant Meals & Sides",
            "nodelevel": 3,
            "displayorder": 243,
            "parentnodeid": "1_23C59D3"
          },
          "Min": null,
          "Max": null,
          "Applied": false,
          "Count": 95,
          "Statement": null,
          "DisplayCoachMarks": false
        },
        {
          "Name": "1_ED54092",
          "Term": "1_ED54092",
          "ExtraOutputFields": {
            "description": "Health Breakfast Food & Spread",
            "nodelevel": 3,
            "displayorder": 327,
            "parentnodeid": "1_5706590"
          },
          "Min": null,
          "Max": null,
          "Applied": false,
          "Count": 92,
          "Statement": null,
          "DisplayCoachMarks": false
        },
        {
          "Name": "1_B21EB0D",
          "Term": "1_B21EB0D",
          "ExtraOutputFields": {
            "description": "Mexican",
            "nodelevel": 3,
            "displayorder": 313,
            "parentnodeid": "1_53601CD"
          },
          "Min": null,
          "Max": null,
          "Applied": false,
          "Count": 89,
          "Statement": null,
          "DisplayCoachMarks": false
        },
        {
          "Name": "1_0418352",
          "Term": "1_0418352",
          "ExtraOutputFields": {
            "description": "Canned Salmon & Seafood",
            "nodelevel": 3,
            "displayorder": 248,
            "parentnodeid": "1_23C59D3"
          },
          "Min": null,
          "Max": null,
          "Applied": false,
          "Count": 85,
          "Statement": null,
          "DisplayCoachMarks": false
        },
        {
          "Name": "1_9B30ADD",
          "Term": "1_9B30ADD",
          "ExtraOutputFields": {
            "description": "Lunch Box Snacks",
            "nodelevel": 3,
            "displayorder": 170,
            "parentnodeid": "1_099FB37"
          },
          "Min": null,
          "Max": null,
          "Applied": false,
          "Count": 83,
          "Statement": null,
          "DisplayCoachMarks": false
        },
        {
          "Name": "1_21326FF",
          "Term": "1_21326FF",
          "ExtraOutputFields": {
            "description": "Health Cooking & Pasta",
            "nodelevel": 3,
            "displayorder": 328,
            "parentnodeid": "1_5706590"
          },
          "Min": null,
          "Max": null,
          "Applied": false,
          "Count": 81,
          "Statement": null,
          "DisplayCoachMarks": false
        },
        {
          "Name": "1_B0E2B88",
          "Term": "1_B0E2B88",
          "ExtraOutputFields": {
            "description": "Chutney & Relish",
            "nodelevel": 3,
            "displayorder": 798,
            "parentnodeid": "1_F43CC25"
          },
          "Min": null,
          "Max": null,
          "Applied": false,
          "Count": 78,
          "Statement": null,
          "DisplayCoachMarks": false
        },
        {
          "Name": "1_7F9B681",
          "Term": "1_7F9B681",
          "ExtraOutputFields": {
            "description": "Instant Noodles",
            "nodelevel": 3,
            "displayorder": 244,
            "parentnodeid": "1_23C59D3"
          },
          "Min": null,
          "Max": null,
          "Applied": false,
          "Count": 77,
          "Statement": null,
          "DisplayCoachMarks": false
        },
        {
          "Name": "1_D14D131",
          "Term": "1_D14D131",
          "ExtraOutputFields": {
            "description": "Sugar & Sweeteners",
            "nodelevel": 3,
            "displayorder": 452,
            "parentnodeid": "1_8458E3A"
          },
          "Min": null,
          "Max": null,
          "Applied": false,
          "Count": 77,
          "Statement": null,
          "DisplayCoachMarks": false
        },
        {
          "Name": "1_481D715",
          "Term": "1_481D715",
          "ExtraOutputFields": {
            "description": "Bars",
            "nodelevel": 3,
            "displayorder": 344,
            "parentnodeid": "1_6102D14"
          },
          "Min": null,
          "Max": null,
          "Applied": false,
          "Count": 76,
          "Statement": null,
          "DisplayCoachMarks": false
        },
        {
          "Name": "1_802216D",
          "Term": "1_802216D",
          "ExtraOutputFields": {
            "description": "Dried Fruits & Nuts",
            "nodelevel": 3,
            "displayorder": 303,
            "parentnodeid": "1_534054E"
          },
          "Min": null,
          "Max": null,
          "Applied": false,
          "Count": 76,
          "Statement": null,
          "DisplayCoachMarks": false
        },
        {
          "Name": "1_8A9838C",
          "Term": "1_8A9838C",
          "ExtraOutputFields": {
            "description": "Chocolate",
            "nodelevel": 2,
            "displayorder": 112,
            "parentnodeid": "1_C4BB750"
          },
          "Min": null,
          "Max": null,
          "Applied": false,
          "Count": 76,
          "Statement": null,
          "DisplayCoachMarks": false
        },
        {
          "Name": "1_E74F8DE",
          "Term": "1_E74F8DE",
          "ExtraOutputFields": {
            "description": "Chocolate Share Packs",
            "nodelevel": 3,
            "displayorder": 182,
            "parentnodeid": "1_099FB37"
          },
          "Min": null,
          "Max": null,
          "Applied": false,
          "Count": 76,
          "Statement": null,
          "DisplayCoachMarks": false
        },
        {
          "Name": "1_99F6AD9",
          "Term": "1_99F6AD9",
          "ExtraOutputFields": {
            "description": "Icing & Cake Decorating",
            "nodelevel": 3,
            "displayorder": 454,
            "parentnodeid": "1_8458E3A"
          },
          "Min": null,
          "Max": null,
          "Applied": false,
          "Count": 70,
          "Statement": null,
          "DisplayCoachMarks": false
        },
        {
          "Name": "1_5AAA300",
          "Term": "1_5AAA300",
          "ExtraOutputFields": {
            "description": "Middle Eastern",
            "nodelevel": 3,
            "displayorder": 314,
            "parentnodeid": "1_53601CD"
          },
          "Min": null,
          "Max": null,
          "Applied": false,
          "Count": 68,
          "Statement": null,
          "DisplayCoachMarks": false
        },
        {
          "Name": "1_6E81F17",
          "Term": "1_6E81F17",
          "ExtraOutputFields": {
            "description": "Kosher",
            "nodelevel": 3,
            "displayorder": 318,
            "parentnodeid": "1_53601CD"
          },
          "Min": null,
          "Max": null,
          "Applied": false,
          "Count": 67,
          "Statement": null,
          "DisplayCoachMarks": false
        },
        {
          "Name": "1_92DBD8C",
          "Term": "1_92DBD8C",
          "ExtraOutputFields": {
            "description": "Black Tea",
            "nodelevel": 3,
            "displayorder": 473,
            "parentnodeid": "1_8A702B7"
          },
          "Min": null,
          "Max": null,
          "Applied": false,
          "Count": 67,
          "Statement": null,
          "DisplayCoachMarks": false
        },
        {
          "Name": "1_6FF7DC1",
          "Term": "1_6FF7DC1",
          "ExtraOutputFields": {
            "description": "Chocolate Boxes & Gifts",
            "nodelevel": 3,
            "displayorder": 183,
            "parentnodeid": "1_099FB37"
          },
          "Min": null,
          "Max": null,
          "Applied": false,
          "Count": 66,
          "Statement": null,
          "DisplayCoachMarks": false
        },
        {
          "Name": "1_B1934A5",
          "Term": "1_B1934A5",
          "ExtraOutputFields": {
            "description": "Dried Fruit",
            "nodelevel": 3,
            "displayorder": 457,
            "parentnodeid": "1_8458E3A"
          },
          "Min": null,
          "Max": null,
          "Applied": false,
          "Count": 66,
          "Statement": null,
          "DisplayCoachMarks": false
        },
        {
          "Name": "1_C76678E",
          "Term": "1_C76678E",
          "ExtraOutputFields": {
            "description": "Black Tea",
            "nodelevel": 3,
            "displayorder": 289,
            "parentnodeid": "1_341A912"
          },
          "Min": null,
          "Max": null,
          "Applied": false,
          "Count": 65,
          "Statement": null,
          "DisplayCoachMarks": false
        },
        {
          "Name": "1_2094D88",
          "Term": "1_2094D88",
          "ExtraOutputFields": {
            "description": "Breakfast Snacks & Drinks",
            "nodelevel": 3,
            "displayorder": 641,
            "parentnodeid": "1_C7A623D"
          },
          "Min": null,
          "Max": null,
          "Applied": false,
          "Count": 64,
          "Statement": null,
          "DisplayCoachMarks": false
        },
        {
          "Name": "1_C20BF6D",
          "Term": "1_C20BF6D",
          "ExtraOutputFields": {
            "description": "Jam",
            "nodelevel": 3,
            "displayorder": 642,
            "parentnodeid": "1_C7A623D"
          },
          "Min": null,
          "Max": null,
          "Applied": false,
          "Count": 62,
          "Statement": null,
          "DisplayCoachMarks": false
        },
        {
          "Name": "1_961007A",
          "Term": "1_961007A",
          "ExtraOutputFields": {
            "description": "Peanut Butter",
            "nodelevel": 3,
            "displayorder": 644,
            "parentnodeid": "1_C7A623D"
          },
          "Min": null,
          "Max": null,
          "Applied": false,
          "Count": 60,
          "Statement": null,
          "DisplayCoachMarks": false
        },
        {
          "Name": "1_F4BA0B1",
          "Term": "1_F4BA0B1",
          "ExtraOutputFields": {
            "description": "Fresh Herb, Garlic & Ginger Paste",
            "nodelevel": 3,
            "displayorder": 821,
            "parentnodeid": "1_F779C5C"
          },
          "Min": null,
          "Max": null,
          "Applied": false,
          "Count": 59,
          "Statement": null,
          "DisplayCoachMarks": false
        },
        {
          "Name": "1_6877157",
          "Term": "1_6877157",
          "ExtraOutputFields": {
            "description": "Baked Beans & Spaghetti",
            "nodelevel": 3,
            "displayorder": 245,
            "parentnodeid": "1_23C59D3"
          },
          "Min": null,
          "Max": null,
          "Applied": false,
          "Count": 58,
          "Statement": null,
          "DisplayCoachMarks": false
        },
        {
          "Name": "1_445AC80",
          "Term": "1_445AC80",
          "ExtraOutputFields": {
            "description": "Chips & Biscuits",
            "nodelevel": 3,
            "displayorder": 349,
            "parentnodeid": "1_6102D14"
          },
          "Min": null,
          "Max": null,
          "Applied": false,
          "Count": 57,
          "Statement": null,
          "DisplayCoachMarks": false
        },
        {
          "Name": "1_BB4EAA1",
          "Term": "1_BB4EAA1",
          "ExtraOutputFields": {
            "description": "Salt & Pepper",
            "nodelevel": 3,
            "displayorder": 819,
            "parentnodeid": "1_F779C5C"
          },
          "Min": null,
          "Max": null,
          "Applied": false,
          "Count": 57,
          "Statement": null,
          "DisplayCoachMarks": false
        },
        {
          "Name": "1_BC8AD61",
          "Term": "1_BC8AD61",
          "ExtraOutputFields": {
            "description": "Mayonnaise",
            "nodelevel": 3,
            "displayorder": 800,
            "parentnodeid": "1_F43CC25"
          },
          "Min": null,
          "Max": null,
          "Applied": false,
          "Count": 55,
          "Statement": null,
          "DisplayCoachMarks": false
        },
        {
          "Name": "1_6A7C02B",
          "Term": "1_6A7C02B",
          "ExtraOutputFields": {
            "description": "Honey",
            "nodelevel": 3,
            "displayorder": 643,
            "parentnodeid": "1_C7A623D"
          },
          "Min": null,
          "Max": null,
          "Applied": false,
          "Count": 53,
          "Statement": null,
          "DisplayCoachMarks": false
        },
        {
          "Name": "1_1205EB9",
          "Term": "1_1205EB9",
          "ExtraOutputFields": {
            "description": "UK Foods",
            "nodelevel": 3,
            "displayorder": 316,
            "parentnodeid": "1_53601CD"
          },
          "Min": null,
          "Max": null,
          "Applied": false,
          "Count": 52,
          "Statement": null,
          "DisplayCoachMarks": false
        },
        {
          "Name": "1_1A65411",
          "Term": "1_1A65411",
          "ExtraOutputFields": {
            "description": "European",
            "nodelevel": 3,
            "displayorder": 311,
            "parentnodeid": "1_53601CD"
          },
          "Min": null,
          "Max": null,
          "Applied": false,
          "Count": 52,
          "Statement": null,
          "DisplayCoachMarks": false
        },
        {
          "Name": "1_D497D75",
          "Term": "1_D497D75",
          "ExtraOutputFields": {
            "description": "Baking Aids & Decorating",
            "nodelevel": 3,
            "displayorder": 305,
            "parentnodeid": "1_534054E"
          },
          "Min": null,
          "Max": null,
          "Applied": false,
          "Count": 51,
          "Statement": null,
          "DisplayCoachMarks": false
        },
        {
          "Name": "1_4DEA9E0",
          "Term": "1_4DEA9E0",
          "ExtraOutputFields": {
            "description": "Antipasto",
            "nodelevel": 3,
            "displayorder": 740,
            "parentnodeid": "1_DCDA127"
          },
          "Min": null,
          "Max": null,
          "Applied": false,
          "Count": 50,
          "Statement": null,
          "DisplayCoachMarks": false
        },
        {
          "Name": "1_05E06FD",
          "Term": "1_05E06FD",
          "ExtraOutputFields": {
            "description": "Nuts, Seeds & Coconut",
            "nodelevel": 3,
            "displayorder": 460,
            "parentnodeid": "1_8458E3A"
          },
          "Min": null,
          "Max": null,
          "Applied": false,
          "Count": 49,
          "Statement": null,
          "DisplayCoachMarks": false
        },
        {
          "Name": "1_5E6507B",
          "Term": "1_5E6507B",
          "ExtraOutputFields": {
            "description": "Tomato & BBQ Sauce",
            "nodelevel": 3,
            "displayorder": 447,
            "parentnodeid": "1_83608CE"
          },
          "Min": null,
          "Max": null,
          "Applied": false,
          "Count": 49,
          "Statement": null,
          "DisplayCoachMarks": false
        },
        {
          "Name": "1_6E4F4E4",
          "Term": "1_6E4F4E4",
          "ExtraOutputFields": {
            "description": "Dairy, Eggs & Fridge",
            "nodelevel": 1,
            "displayorder": 4,
            "parentnodeid": null
          },
          "Min": null,
          "Max": null,
          "Applied": false,
          "Count": 49,
          "Statement": null,
          "DisplayCoachMarks": false
        },
        {
          "Name": "1_E75FAB4",
          "Term": "1_E75FAB4",
          "ExtraOutputFields": {
            "description": "Tomato & BBQ Sauce",
            "nodelevel": 3,
            "displayorder": 803,
            "parentnodeid": "1_F43CC25"
          },
          "Min": null,
          "Max": null,
          "Applied": false,
          "Count": 49,
          "Statement": null,
          "DisplayCoachMarks": false
        },
        {
          "Name": "1_445F314",
          "Term": "1_445F314",
          "ExtraOutputFields": {
            "description": "Flour & Pastry",
            "nodelevel": 3,
            "displayorder": 304,
            "parentnodeid": "1_534054E"
          },
          "Min": null,
          "Max": null,
          "Applied": false,
          "Count": 48,
          "Statement": null,
          "DisplayCoachMarks": false
        },
        {
          "Name": "1_4A0F5B8",
          "Term": "1_4A0F5B8",
          "ExtraOutputFields": {
            "description": "Ground Coffee",
            "nodelevel": 3,
            "displayorder": 294,
            "parentnodeid": "1_3DB16DE"
          },
          "Min": null,
          "Max": null,
          "Applied": false,
          "Count": 46,
          "Statement": null,
          "DisplayCoachMarks": false
        },
        {
          "Name": "1_71B6703",
          "Term": "1_71B6703",
          "ExtraOutputFields": {
            "description": "Ground Coffee",
            "nodelevel": 3,
            "displayorder": 477,
            "parentnodeid": "1_8A702B7"
          },
          "Min": null,
          "Max": null,
          "Applied": false,
          "Count": 46,
          "Statement": null,
          "DisplayCoachMarks": false
        },
        {
          "Name": "1_EA3DF82",
          "Term": "1_EA3DF82",
          "ExtraOutputFields": {
            "description": "Health Baking & Sweetener",
            "nodelevel": 3,
            "displayorder": 326,
            "parentnodeid": "1_5706590"
          },
          "Min": null,
          "Max": null,
          "Applied": false,
          "Count": 46,
          "Statement": null,
          "DisplayCoachMarks": false
        },
        {
          "Name": "1-E5BEE36E",
          "Term": "1-E5BEE36E",
          "ExtraOutputFields": {
            "description": "Fruit & Veg",
            "nodelevel": 1,
            "displayorder": 1,
            "parentnodeid": null
          },
          "Min": null,
          "Max": null,
          "Applied": false,
          "Count": 45,
          "Statement": null,
          "DisplayCoachMarks": false
        },
        {
          "Name": "1_0AAE535",
          "Term": "1_0AAE535",
          "ExtraOutputFields": {
            "description": "Jelly",
            "nodelevel": 3,
            "displayorder": 394,
            "parentnodeid": "1_69A326C"
          },
          "Min": null,
          "Max": null,
          "Applied": false,
          "Count": 45,
          "Statement": null,
          "DisplayCoachMarks": false
        },
        {
          "Name": "1_4927548",
          "Term": "1_4927548",
          "ExtraOutputFields": {
            "description": "Sweet Chilli & Hot Sauce",
            "nodelevel": 3,
            "displayorder": 445,
            "parentnodeid": "1_83608CE"
          },
          "Min": null,
          "Max": null,
          "Applied": false,
          "Count": 45,
          "Statement": null,
          "DisplayCoachMarks": false
        },
        {
          "Name": "1_56187EE",
          "Term": "1_56187EE",
          "ExtraOutputFields": {
            "description": "Garlic, Chillies & Fresh Herbs",
            "nodelevel": 3,
            "displayorder": 570,
            "parentnodeid": "1_AC17EDD"
          },
          "Min": null,
          "Max": null,
          "Applied": false,
          "Count": 44,
          "Statement": null,
          "DisplayCoachMarks": false
        },
        {
          "Name": "1_6CCFC9C",
          "Term": "1_6CCFC9C",
          "ExtraOutputFields": {
            "description": "Spreads & Condiments",
            "nodelevel": 3,
            "displayorder": 348,
            "parentnodeid": "1_6102D14"
          },
          "Min": null,
          "Max": null,
          "Applied": false,
          "Count": 44,
          "Statement": null,
          "DisplayCoachMarks": false
        },
        {
          "Name": "1_AC17EDD",
          "Term": "1_AC17EDD",
          "ExtraOutputFields": {
            "description": "Vegetables",
            "nodelevel": 2,
            "displayorder": 16,
            "parentnodeid": "1-E5BEE36E"
          },
          "Min": null,
          "Max": null,
          "Applied": false,
          "Count": 44,
          "Statement": null,
          "DisplayCoachMarks": false
        },
        {
          "Name": "1_2068A48",
          "Term": "1_2068A48",
          "ExtraOutputFields": {
            "description": "Flour",
            "nodelevel": 3,
            "displayorder": 451,
            "parentnodeid": "1_8458E3A"
          },
          "Min": null,
          "Max": null,
          "Applied": false,
          "Count": 43,
          "Statement": null,
          "DisplayCoachMarks": false
        },
        {
          "Name": "1_750B478",
          "Term": "1_750B478",
          "ExtraOutputFields": {
            "description": "Sweet Chilli & Hot Sauce",
            "nodelevel": 3,
            "displayorder": 804,
            "parentnodeid": "1_F43CC25"
          },
          "Min": null,
          "Max": null,
          "Applied": false,
          "Count": 43,
          "Statement": null,
          "DisplayCoachMarks": false
        },
        {
          "Name": "1_94B3763",
          "Term": "1_94B3763",
          "ExtraOutputFields": {
            "description": "Chips Multi-Pack",
            "nodelevel": 3,
            "displayorder": 175,
            "parentnodeid": "1_099FB37"
          },
          "Min": null,
          "Max": null,
          "Applied": false,
          "Count": 43,
          "Statement": null,
          "DisplayCoachMarks": false
        },
        {
          "Name": "1_6E74E40",
          "Term": "1_6E74E40",
          "ExtraOutputFields": {
            "description": "Canned Meat",
            "nodelevel": 3,
            "displayorder": 249,
            "parentnodeid": "1_23C59D3"
          },
          "Min": null,
          "Max": null,
          "Applied": false,
          "Count": 42,
          "Statement": null,
          "DisplayCoachMarks": false
        },
        {
          "Name": "1_C3CE959",
          "Term": "1_C3CE959",
          "ExtraOutputFields": {
            "description": "Pasta Meals",
            "nodelevel": 3,
            "displayorder": 595,
            "parentnodeid": "1_B5F8608"
          },
          "Min": null,
          "Max": null,
          "Applied": false,
          "Count": 41,
          "Statement": null,
          "DisplayCoachMarks": false
        },
        {
          "Name": "1_1B0E29D",
          "Term": "1_1B0E29D",
          "ExtraOutputFields": {
            "description": "Beans & Legumes",
            "nodelevel": 3,
            "displayorder": 597,
            "parentnodeid": "1_B5F8608"
          },
          "Min": null,
          "Max": null,
          "Applied": false,
          "Count": 39,
          "Statement": null,
          "DisplayCoachMarks": false
        },
        {
          "Name": "1_D99C1BC",
          "Term": "1_D99C1BC",
          "ExtraOutputFields": {
            "description": "Gluten Free",
            "nodelevel": 3,
            "displayorder": 737,
            "parentnodeid": "1_DCDA127"
          },
          "Min": null,
          "Max": null,
          "Applied": false,
          "Count": 38,
          "Statement": null,
          "DisplayCoachMarks": false
        },
        {
          "Name": "1_37BD0C8",
          "Term": "1_37BD0C8",
          "ExtraOutputFields": {
            "description": "Cooking Chocolate & Cocoa",
            "nodelevel": 3,
            "displayorder": 458,
            "parentnodeid": "1_8458E3A"
          },
          "Min": null,
          "Max": null,
          "Applied": false,
          "Count": 37,
          "Statement": null,
          "DisplayCoachMarks": false
        },
        {
          "Name": "1_985C4EF",
          "Term": "1_985C4EF",
          "ExtraOutputFields": {
            "description": "Marinades & Seasoning",
            "nodelevel": 3,
            "displayorder": 443,
            "parentnodeid": "1_83608CE"
          },
          "Min": null,
          "Max": null,
          "Applied": false,
          "Count": 37,
          "Statement": null,
          "DisplayCoachMarks": false
        },
        {
          "Name": "1_5057D03",
          "Term": "1_5057D03",
          "ExtraOutputFields": {
            "description": "Vinegar",
            "nodelevel": 3,
            "displayorder": 448,
            "parentnodeid": "1_83608CE"
          },
          "Min": null,
          "Max": null,
          "Applied": false,
          "Count": 36,
          "Statement": null,
          "DisplayCoachMarks": false
        },
        {
          "Name": "1_6ED8EB2",
          "Term": "1_6ED8EB2",
          "ExtraOutputFields": {
            "description": "Flavouring, Essence & Food Colouring",
            "nodelevel": 3,
            "displayorder": 456,
            "parentnodeid": "1_8458E3A"
          },
          "Min": null,
          "Max": null,
          "Applied": false,
          "Count": 35,
          "Statement": null,
          "DisplayCoachMarks": false
        },
        {
          "Name": "1_0099FD8",
          "Term": "1_0099FD8",
          "ExtraOutputFields": {
            "description": "Ice Cream Cones, Syrups & Toppings",
            "nodelevel": 3,
            "displayorder": 393,
            "parentnodeid": "1_69A326C"
          },
          "Min": null,
          "Max": null,
          "Applied": false,
          "Count": 34,
          "Statement": null,
          "DisplayCoachMarks": false
        },
        {
          "Name": "1_2F22409",
          "Term": "1_2F22409",
          "ExtraOutputFields": {
            "description": "South African",
            "nodelevel": 3,
            "displayorder": 317,
            "parentnodeid": "1_53601CD"
          },
          "Min": null,
          "Max": null,
          "Applied": false,
          "Count": 34,
          "Statement": null,
          "DisplayCoachMarks": false
        },
        {
          "Name": "1_C711DFA",
          "Term": "1_C711DFA",
          "ExtraOutputFields": {
            "description": "Healthier Snacks",
            "nodelevel": 3,
            "displayorder": 346,
            "parentnodeid": "1_6102D14"
          },
          "Min": null,
          "Max": null,
          "Applied": false,
          "Count": 34,
          "Statement": null,
          "DisplayCoachMarks": false
        },
        {
          "Name": "1_E08E5B4",
          "Term": "1_E08E5B4",
          "ExtraOutputFields": {
            "description": "Gluten Free",
            "nodelevel": 3,
            "displayorder": 307,
            "parentnodeid": "1_534054E"
          },
          "Min": null,
          "Max": null,
          "Applied": false,
          "Count": 34,
          "Statement": null,
          "DisplayCoachMarks": false
        },
        {
          "Name": "1_F6985A0",
          "Term": "1_F6985A0",
          "ExtraOutputFields": {
            "description": "Gluten Free Snacks",
            "nodelevel": 3,
            "displayorder": 179,
            "parentnodeid": "1_099FB37"
          },
          "Min": null,
          "Max": null,
          "Applied": false,
          "Count": 34,
          "Statement": null,
          "DisplayCoachMarks": false
        },
        {
          "Name": "1_5C459A3",
          "Term": "1_5C459A3",
          "ExtraOutputFields": {
            "description": "Fruit Cups",
            "nodelevel": 3,
            "displayorder": 351,
            "parentnodeid": "1_6102D14"
          },
          "Min": null,
          "Max": null,
          "Applied": false,
          "Count": 33,
          "Statement": null,
          "DisplayCoachMarks": false
        },
        {
          "Name": "1_669F11D",
          "Term": "1_669F11D",
          "ExtraOutputFields": {
            "description": "Coffee Beans",
            "nodelevel": 3,
            "displayorder": 293,
            "parentnodeid": "1_3DB16DE"
          },
          "Min": null,
          "Max": null,
          "Applied": false,
          "Count": 33,
          "Statement": null,
          "DisplayCoachMarks": false
        },
        {
          "Name": "1_A2800BA",
          "Term": "1_A2800BA",
          "ExtraOutputFields": {
            "description": "Coffee Beans",
            "nodelevel": 3,
            "displayorder": 476,
            "parentnodeid": "1_8A702B7"
          },
          "Min": null,
          "Max": null,
          "Applied": false,
          "Count": 33,
          "Statement": null,
          "DisplayCoachMarks": false
        },
        {
          "Name": "1_92A723C",
          "Term": "1_92A723C",
          "ExtraOutputFields": {
            "description": "Pretzels & Jerky",
            "nodelevel": 3,
            "displayorder": 184,
            "parentnodeid": "1_099FB37"
          },
          "Min": null,
          "Max": null,
          "Applied": false,
          "Count": 32,
          "Statement": null,
          "DisplayCoachMarks": false
        },
        {
          "Name": "1_393FA13",
          "Term": "1_393FA13",
          "ExtraOutputFields": {
            "description": "Puddings",
            "nodelevel": 3,
            "displayorder": 396,
            "parentnodeid": "1_69A326C"
          },
          "Min": null,
          "Max": null,
          "Applied": false,
          "Count": 30,
          "Statement": null,
          "DisplayCoachMarks": false
        },
        {
          "Name": "1_854C8D6",
          "Term": "1_854C8D6",
          "ExtraOutputFields": {
            "description": "Cooking Chocolate & Cocoa",
            "nodelevel": 3,
            "displayorder": 306,
            "parentnodeid": "1_534054E"
          },
          "Min": null,
          "Max": null,
          "Applied": false,
          "Count": 30,
          "Statement": null,
          "DisplayCoachMarks": false
        },
        {
          "Name": "1_AF5E3AC",
          "Term": "1_AF5E3AC",
          "ExtraOutputFields": {
            "description": "Savoury Spread",
            "nodelevel": 3,
            "displayorder": 645,
            "parentnodeid": "1_C7A623D"
          },
          "Min": null,
          "Max": null,
          "Applied": false,
          "Count": 30,
          "Statement": null,
          "DisplayCoachMarks": false
        },
        {
          "Name": "1_C75A6A2",
          "Term": "1_C75A6A2",
          "ExtraOutputFields": {
            "description": "Yeast & Baking Ingredients",
            "nodelevel": 3,
            "displayorder": 453,
            "parentnodeid": "1_8458E3A"
          },
          "Min": null,
          "Max": null,
          "Applied": false,
          "Count": 29,
          "Statement": null,
          "DisplayCoachMarks": false
        },
        {
          "Name": "1_F8EABB4",
          "Term": "1_F8EABB4",
          "ExtraOutputFields": {
            "description": "Condensed, Evaporated & Coconut Milk",
            "nodelevel": 3,
            "displayorder": 254,
            "parentnodeid": "1_23C59D3"
          },
          "Min": null,
          "Max": null,
          "Applied": false,
          "Count": 29,
          "Statement": null,
          "DisplayCoachMarks": false
        },
        {
          "Name": "1_EBA7C54",
          "Term": "1_EBA7C54",
          "ExtraOutputFields": {
            "description": "Breadcrumbs & Stuffing",
            "nodelevel": 3,
            "displayorder": 820,
            "parentnodeid": "1_F779C5C"
          },
          "Min": null,
          "Max": null,
          "Applied": false,
          "Count": 28,
          "Statement": null,
          "DisplayCoachMarks": false
        },
        {
          "Name": "1_3AE8E17",
          "Term": "1_3AE8E17",
          "ExtraOutputFields": {
            "description": "Cheese & Crackers",
            "nodelevel": 3,
            "displayorder": 734,
            "parentnodeid": "1_DCDA127"
          },
          "Min": null,
          "Max": null,
          "Applied": false,
          "Count": 27,
          "Statement": null,
          "DisplayCoachMarks": false
        },
        {
          "Name": "1_5DE848F",
          "Term": "1_5DE848F",
          "ExtraOutputFields": {
            "description": "Easter Eggs",
            "nodelevel": 3,
            "displayorder": 481,
            "parentnodeid": "1_8A9838C"
          },
          "Min": null,
          "Max": null,
          "Applied": false,
          "Count": 26,
          "Statement": null,
          "DisplayCoachMarks": false
        },
        {
          "Name": "1_2BDAEED",
          "Term": "1_2BDAEED",
          "ExtraOutputFields": {
            "description": "Corn Chips & Salsa",
            "nodelevel": 3,
            "displayorder": 166,
            "parentnodeid": "1_099FB37"
          },
          "Min": null,
          "Max": null,
          "Applied": false,
          "Count": 25,
          "Statement": null,
          "DisplayCoachMarks": false
        },
        {
          "Name": "1_2144A22",
          "Term": "1_2144A22",
          "ExtraOutputFields": {
            "description": "New Zealand",
            "nodelevel": 3,
            "displayorder": 315,
            "parentnodeid": "1_53601CD"
          },
          "Min": null,
          "Max": null,
          "Applied": false,
          "Count": 24,
          "Statement": null,
          "DisplayCoachMarks": false
        },
        {
          "Name": "1_AC70935",
          "Term": "1_AC70935",
          "ExtraOutputFields": {
            "description": "Quinoa, Cous Cous & Other Grains",
            "nodelevel": 3,
            "displayorder": 598,
            "parentnodeid": "1_B5F8608"
          },
          "Min": null,
          "Max": null,
          "Applied": false,
          "Count": 24,
          "Statement": null,
          "DisplayCoachMarks": false
        },
        {
          "Name": "1_288FD91",
          "Term": "1_288FD91",
          "ExtraOutputFields": {
            "description": "Canned Tomatoes",
            "nodelevel": 3,
            "displayorder": 253,
            "parentnodeid": "1_23C59D3"
          },
          "Min": null,
          "Max": null,
          "Applied": false,
          "Count": 23,
          "Statement": null,
          "DisplayCoachMarks": false
        },
        {
          "Name": "1_ED3BB20",
          "Term": "1_ED3BB20",
          "ExtraOutputFields": {
            "description": "Popcorn",
            "nodelevel": 3,
            "displayorder": 168,
            "parentnodeid": "1_099FB37"
          },
          "Min": null,
          "Max": null,
          "Applied": false,
          "Count": 23,
          "Statement": null,
          "DisplayCoachMarks": false
        },
        {
          "Name": "1_13B343A",
          "Term": "1_13B343A",
          "ExtraOutputFields": {
            "description": "Lunch Box",
            "nodelevel": 2,
            "displayorder": 70,
            "parentnodeid": "1_6E4F4E4"
          },
          "Min": null,
          "Max": null,
          "Applied": false,
          "Count": 22,
          "Statement": null,
          "DisplayCoachMarks": false
        },
        {
          "Name": "1_6074BC8",
          "Term": "1_6074BC8",
          "ExtraOutputFields": {
            "description": "Gluten Free",
            "nodelevel": 3,
            "displayorder": 350,
            "parentnodeid": "1_6102D14"
          },
          "Min": null,
          "Max": null,
          "Applied": false,
          "Count": 22,
          "Statement": null,
          "DisplayCoachMarks": false
        },
        {
          "Name": "1_E4B0504",
          "Term": "1_E4B0504",
          "ExtraOutputFields": {
            "description": "Easter Bunnies",
            "nodelevel": 3,
            "displayorder": 480,
            "parentnodeid": "1_8A9838C"
          },
          "Min": null,
          "Max": null,
          "Applied": false,
          "Count": 21,
          "Statement": null,
          "DisplayCoachMarks": false
        },
        {
          "Name": "1_A50A55F",
          "Term": "1_A50A55F",
          "ExtraOutputFields": {
            "description": "Spaghetti",
            "nodelevel": 3,
            "displayorder": 593,
            "parentnodeid": "1_B5F8608"
          },
          "Min": null,
          "Max": null,
          "Applied": false,
          "Count": 20,
          "Statement": null,
          "DisplayCoachMarks": false
        },
        {
          "Name": "1_FC83DF9",
          "Term": "1_FC83DF9",
          "ExtraOutputFields": {
            "description": "Sweet Spread",
            "nodelevel": 3,
            "displayorder": 646,
            "parentnodeid": "1_C7A623D"
          },
          "Min": null,
          "Max": null,
          "Applied": false,
          "Count": 20,
          "Statement": null,
          "DisplayCoachMarks": false
        },
        {
          "Name": "1_525587C",
          "Term": "1_525587C",
          "ExtraOutputFields": {
            "description": "Canned & Packet Ready Meals",
            "nodelevel": 3,
            "displayorder": 255,
            "parentnodeid": "1_23C59D3"
          },
          "Min": null,
          "Max": null,
          "Applied": false,
          "Count": 19,
          "Statement": null,
          "DisplayCoachMarks": false
        },
        {
          "Name": "1_75CF088",
          "Term": "1_75CF088",
          "ExtraOutputFields": {
            "description": "Polenta & Other Grains",
            "nodelevel": 3,
            "displayorder": 599,
            "parentnodeid": "1_B5F8608"
          },
          "Min": null,
          "Max": null,
          "Applied": false,
          "Count": 18,
          "Statement": null,
          "DisplayCoachMarks": false
        },
        {
          "Name": "1_7C414D0",
          "Term": "1_7C414D0",
          "ExtraOutputFields": {
            "description": "Mustard",
            "nodelevel": 3,
            "displayorder": 801,
            "parentnodeid": "1_F43CC25"
          },
          "Min": null,
          "Max": null,
          "Applied": false,
          "Count": 18,
          "Statement": null,
          "DisplayCoachMarks": false
        },
        {
          "Name": "1_C9FB16E",
          "Term": "1_C9FB16E",
          "ExtraOutputFields": {
            "description": "Plant-based Alternatives",
            "nodelevel": 3,
            "displayorder": 664,
            "parentnodeid": "1_CBB2A83"
          },
          "Min": null,
          "Max": null,
          "Applied": false,
          "Count": 18,
          "Statement": null,
          "DisplayCoachMarks": false
        },
        {
          "Name": "1_2684504",
          "Term": "1_2684504",
          "ExtraOutputFields": {
            "description": "Salad",
            "nodelevel": 2,
            "displayorder": 17,
            "parentnodeid": "1-E5BEE36E"
          },
          "Min": null,
          "Max": null,
          "Applied": false,
          "Count": 17,
          "Statement": null,
          "DisplayCoachMarks": false
        },
        {
          "Name": "1_32B2142",
          "Term": "1_32B2142",
          "ExtraOutputFields": {
            "description": "Herbs",
            "nodelevel": 3,
            "displayorder": 269,
            "parentnodeid": "1_2684504"
          },
          "Min": null,
          "Max": null,
          "Applied": false,
          "Count": 17,
          "Statement": null,
          "DisplayCoachMarks": false
        },
        {
          "Name": "1_3AE00E5",
          "Term": "1_3AE00E5",
          "ExtraOutputFields": {
            "description": "Green Tea",
            "nodelevel": 3,
            "displayorder": 474,
            "parentnodeid": "1_8A702B7"
          },
          "Min": null,
          "Max": null,
          "Applied": false,
          "Count": 16,
          "Statement": null,
          "DisplayCoachMarks": false
        },
        {
          "Name": "1_6E4B68C",
          "Term": "1_6E4B68C",
          "ExtraOutputFields": {
            "description": "Chips Single Pack",
            "nodelevel": 3,
            "displayorder": 173,
            "parentnodeid": "1_099FB37"
          },
          "Min": null,
          "Max": null,
          "Applied": false,
          "Count": 16,
          "Statement": null,
          "DisplayCoachMarks": false
        },
        {
          "Name": "1_6F0A6B0",
          "Term": "1_6F0A6B0",
          "ExtraOutputFields": {
            "description": "Green Tea",
            "nodelevel": 3,
            "displayorder": 290,
            "parentnodeid": "1_341A912"
          },
          "Min": null,
          "Max": null,
          "Applied": false,
          "Count": 16,
          "Statement": null,
          "DisplayCoachMarks": false
        },
        {
          "Name": "1_898C5F6",
          "Term": "1_898C5F6",
          "ExtraOutputFields": {
            "description": "Vegan Chocolates",
            "nodelevel": 3,
            "displayorder": 483,
            "parentnodeid": "1_8A9838C"
          },
          "Min": null,
          "Max": null,
          "Applied": false,
          "Count": 16,
          "Statement": null,
          "DisplayCoachMarks": false
        },
        {
          "Name": "1_DEB537E",
          "Term": "1_DEB537E",
          "ExtraOutputFields": {
            "description": "Bakery",
            "nodelevel": 1,
            "displayorder": 3,
            "parentnodeid": null
          },
          "Min": null,
          "Max": null,
          "Applied": false,
          "Count": 16,
          "Statement": null,
          "DisplayCoachMarks": false
        },
        {
          "Name": "1_E1035FA",
          "Term": "1_E1035FA",
          "ExtraOutputFields": {
            "description": "Chocolate",
            "nodelevel": 3,
            "displayorder": 666,
            "parentnodeid": "1_CBB2A83"
          },
          "Min": null,
          "Max": null,
          "Applied": false,
          "Count": 16,
          "Statement": null,
          "DisplayCoachMarks": false
        },
        {
          "Name": "1_62B7AA0",
          "Term": "1_62B7AA0",
          "ExtraOutputFields": {
            "description": "Packaged Bread & Bakery",
            "nodelevel": 2,
            "displayorder": 130,
            "parentnodeid": "1_DEB537E"
          },
          "Min": null,
          "Max": null,
          "Applied": false,
          "Count": 15,
          "Statement": null,
          "DisplayCoachMarks": false
        },
        {
          "Name": "1_91EAC87",
          "Term": "1_91EAC87",
          "ExtraOutputFields": {
            "description": "Pancake Mix",
            "nodelevel": 3,
            "displayorder": 459,
            "parentnodeid": "1_8458E3A"
          },
          "Min": null,
          "Max": null,
          "Applied": false,
          "Count": 15,
          "Statement": null,
          "DisplayCoachMarks": false
        },
        {
          "Name": "1_A6C0E83",
          "Term": "1_A6C0E83",
          "ExtraOutputFields": {
            "description": "Pancake Mix",
            "nodelevel": 3,
            "displayorder": 647,
            "parentnodeid": "1_C7A623D"
          },
          "Min": null,
          "Max": null,
          "Applied": false,
          "Count": 15,
          "Statement": null,
          "DisplayCoachMarks": false
        },
        {
          "Name": "1_B571433",
          "Term": "1_B571433",
          "ExtraOutputFields": {
            "description": "Bread Mix",
            "nodelevel": 3,
            "displayorder": 462,
            "parentnodeid": "1_8458E3A"
          },
          "Min": null,
          "Max": null,
          "Applied": false,
          "Count": 14,
          "Statement": null,
          "DisplayCoachMarks": false
        },
        {
          "Name": "1_854BD07",
          "Term": "1_854BD07",
          "ExtraOutputFields": {
            "description": "Ready to Freeze Ice Blocks",
            "nodelevel": 3,
            "displayorder": 395,
            "parentnodeid": "1_69A326C"
          },
          "Min": null,
          "Max": null,
          "Applied": false,
          "Count": 13,
          "Statement": null,
          "DisplayCoachMarks": false
        },
        {
          "Name": "1_90AB4B3",
          "Term": "1_90AB4B3",
          "ExtraOutputFields": {
            "description": "Easter Gifting",
            "nodelevel": 3,
            "displayorder": 482,
            "parentnodeid": "1_8A9838C"
          },
          "Min": null,
          "Max": null,
          "Applied": false,
          "Count": 13,
          "Statement": null,
          "DisplayCoachMarks": false
        },
        {
          "Name": "1_B7EF010",
          "Term": "1_B7EF010",
          "ExtraOutputFields": {
            "description": "Cheese",
            "nodelevel": 2,
            "displayorder": 59,
            "parentnodeid": "1_6E4F4E4"
          },
          "Min": null,
          "Max": null,
          "Applied": false,
          "Count": 12,
          "Statement": null,
          "DisplayCoachMarks": false
        },
        {
          "Name": "1_0CD9AE3",
          "Term": "1_0CD9AE3",
          "ExtraOutputFields": {
            "description": "Packaged Bread",
            "nodelevel": 3,
            "displayorder": 373,
            "parentnodeid": "1_62B7AA0"
          },
          "Min": null,
          "Max": null,
          "Applied": false,
          "Count": 10,
          "Statement": null,
          "DisplayCoachMarks": false
        },
        {
          "Name": "1_4A1E2EF",
          "Term": "1_4A1E2EF",
          "ExtraOutputFields": {
            "description": "Lunch Box",
            "nodelevel": 2,
            "displayorder": 131,
            "parentnodeid": "1_DEB537E"
          },
          "Min": null,
          "Max": null,
          "Applied": false,
          "Count": 10,
          "Statement": null,
          "DisplayCoachMarks": false
        },
        {
          "Name": "1_75F8665",
          "Term": "1_75F8665",
          "ExtraOutputFields": {
            "description": "Butter & Margarine",
            "nodelevel": 3,
            "displayorder": 464,
            "parentnodeid": "1_85274A0"
          },
          "Min": null,
          "Max": null,
          "Applied": false,
          "Count": 10,
          "Statement": null,
          "DisplayCoachMarks": false
        },
        {
          "Name": "1_85274A0",
          "Term": "1_85274A0",
          "ExtraOutputFields": {
            "description": "Eggs, Butter & Margarine",
            "nodelevel": 2,
            "displayorder": 63,
            "parentnodeid": "1_6E4F4E4"
          },
          "Min": null,
          "Max": null,
          "Applied": false,
          "Count": 10,
          "Statement": null,
          "DisplayCoachMarks": false
        },
        {
          "Name": "1_F0612E0",
          "Term": "1_F0612E0",
          "ExtraOutputFields": {
            "description": "Dairy Snacks",
            "nodelevel": 3,
            "displayorder": 196,
            "parentnodeid": "1_13B343A"
          },
          "Min": null,
          "Max": null,
          "Applied": false,
          "Count": 10,
          "Statement": null,
          "DisplayCoachMarks": false
        },
        {
          "Name": "1_DF80727",
          "Term": "1_DF80727",
          "ExtraOutputFields": {
            "description": "Bakery Snacks",
            "nodelevel": 3,
            "displayorder": 301,
            "parentnodeid": "1_4A1E2EF"
          },
          "Min": null,
          "Max": null,
          "Applied": false,
          "Count": 9,
          "Statement": null,
          "DisplayCoachMarks": false
        },
        {
          "Name": "1_AC76873",
          "Term": "1_AC76873",
          "ExtraOutputFields": {
            "description": "Yoghurt",
            "nodelevel": 2,
            "displayorder": 61,
            "parentnodeid": "1_6E4F4E4"
          },
          "Min": null,
          "Max": null,
          "Applied": false,
          "Count": 8,
          "Statement": null,
          "DisplayCoachMarks": false
        },
        {
          "Name": "1_B810788",
          "Term": "1_B810788",
          "ExtraOutputFields": {
            "description": "Baby & Kids Yoghurt",
            "nodelevel": 3,
            "displayorder": 577,
            "parentnodeid": "1_AC76873"
          },
          "Min": null,
          "Max": null,
          "Applied": false,
          "Count": 8,
          "Statement": null,
          "DisplayCoachMarks": false
        },
        {
          "Name": "1_F47D2C4",
          "Term": "1_F47D2C4",
          "ExtraOutputFields": {
            "description": "Gluten Free Baking",
            "nodelevel": 3,
            "displayorder": 461,
            "parentnodeid": "1_8458E3A"
          },
          "Min": null,
          "Max": null,
          "Applied": false,
          "Count": 8,
          "Statement": null,
          "DisplayCoachMarks": false
        },
        {
          "Name": "1_4410EBD",
          "Term": "1_4410EBD",
          "ExtraOutputFields": {
            "description": "Healthier Dairy Snacks",
            "nodelevel": 3,
            "displayorder": 198,
            "parentnodeid": "1_13B343A"
          },
          "Min": null,
          "Max": null,
          "Applied": false,
          "Count": 7,
          "Statement": null,
          "DisplayCoachMarks": false
        },
        {
          "Name": "1_8C5B5FA",
          "Term": "1_8C5B5FA",
          "ExtraOutputFields": {
            "description": "Fruit Sauce",
            "nodelevel": 3,
            "displayorder": 805,
            "parentnodeid": "1_F43CC25"
          },
          "Min": null,
          "Max": null,
          "Applied": false,
          "Count": 7,
          "Statement": null,
          "DisplayCoachMarks": false
        },
        {
          "Name": "1_159A4FB",
          "Term": "1_159A4FB",
          "ExtraOutputFields": {
            "description": "Long Life Milk",
            "nodelevel": 2,
            "displayorder": 54,
            "parentnodeid": "1_5AF3A0A"
          },
          "Min": null,
          "Max": null,
          "Applied": false,
          "Count": 6,
          "Statement": null,
          "DisplayCoachMarks": false
        },
        {
          "Name": "1_223D9D6",
          "Term": "1_223D9D6",
          "ExtraOutputFields": {
            "description": "Milk",
            "nodelevel": 2,
            "displayorder": 60,
            "parentnodeid": "1_6E4F4E4"
          },
          "Min": null,
          "Max": null,
          "Applied": false,
          "Count": 6,
          "Statement": null,
          "DisplayCoachMarks": false
        },
        {
          "Name": "1_4FD30CF",
          "Term": "1_4FD30CF",
          "ExtraOutputFields": {
            "description": "Condensed & Evaporated Milk",
            "nodelevel": 3,
            "displayorder": 206,
            "parentnodeid": "1_159A4FB"
          },
          "Min": null,
          "Max": null,
          "Applied": false,
          "Count": 6,
          "Statement": null,
          "DisplayCoachMarks": false
        },
        {
          "Name": "1_8D8C0B9",
          "Term": "1_8D8C0B9",
          "ExtraOutputFields": {
            "description": "Health Packaged Gluten Free",
            "nodelevel": 3,
            "displayorder": 330,
            "parentnodeid": "1_5706590"
          },
          "Min": null,
          "Max": null,
          "Applied": false,
          "Count": 6,
          "Statement": null,
          "DisplayCoachMarks": false
        },
        {
          "Name": "1_E872E7C",
          "Term": "1_E872E7C",
          "ExtraOutputFields": {
            "description": "Long Life Milk",
            "nodelevel": 3,
            "displayorder": 238,
            "parentnodeid": "1_223D9D6"
          },
          "Min": null,
          "Max": null,
          "Applied": false,
          "Count": 6,
          "Statement": null,
          "DisplayCoachMarks": false
        },
        {
          "Name": "1_763A0AC",
          "Term": "1_763A0AC",
          "ExtraOutputFields": {
            "description": "Snacking Cheese",
            "nodelevel": 3,
            "displayorder": 607,
            "parentnodeid": "1_B7EF010"
          },
          "Min": null,
          "Max": null,
          "Applied": false,
          "Count": 5,
          "Statement": null,
          "DisplayCoachMarks": false
        },
        {
          "Name": "1_24B3F8D",
          "Term": "1_24B3F8D",
          "ExtraOutputFields": {
            "description": "Healthy Bites",
            "nodelevel": 3,
            "displayorder": 333,
            "parentnodeid": "1_5706590"
          },
          "Min": null,
          "Max": null,
          "Applied": false,
          "Count": 4,
          "Statement": null,
          "DisplayCoachMarks": false
        },
        {
          "Name": "1_30E01B7",
          "Term": "1_30E01B7",
          "ExtraOutputFields": {
            "description": "Gluten Free Pasta",
            "nodelevel": 3,
            "displayorder": 600,
            "parentnodeid": "1_B5F8608"
          },
          "Min": null,
          "Max": null,
          "Applied": false,
          "Count": 4,
          "Statement": null,
          "DisplayCoachMarks": false
        },
        {
          "Name": "1_902EF43",
          "Term": "1_902EF43",
          "ExtraOutputFields": {
            "description": "Avocados",
            "nodelevel": 3,
            "displayorder": 569,
            "parentnodeid": "1_AC17EDD"
          },
          "Min": null,
          "Max": null,
          "Applied": false,
          "Count": 4,
          "Statement": null,
          "DisplayCoachMarks": false
        },
        {
          "Name": "1_DDA4185",
          "Term": "1_DDA4185",
          "ExtraOutputFields": {
            "description": "Macro Organic",
            "nodelevel": 3,
            "displayorder": 334,
            "parentnodeid": "1_5706590"
          },
          "Min": null,
          "Max": null,
          "Applied": false,
          "Count": 4,
          "Statement": null,
          "DisplayCoachMarks": false
        },
        {
          "Name": "1_F45D26B",
          "Term": "1_F45D26B",
          "ExtraOutputFields": {
            "description": "Health Packaged Vegetarian",
            "nodelevel": 3,
            "displayorder": 331,
            "parentnodeid": "1_5706590"
          },
          "Min": null,
          "Max": null,
          "Applied": false,
          "Count": 4,
          "Statement": null,
          "DisplayCoachMarks": false
        },
        {
          "Name": "1_F94866A",
          "Term": "1_F94866A",
          "ExtraOutputFields": {
            "description": "Dairy Cheese",
            "nodelevel": 3,
            "displayorder": 197,
            "parentnodeid": "1_13B343A"
          },
          "Min": null,
          "Max": null,
          "Applied": false,
          "Count": 4,
          "Statement": null,
          "DisplayCoachMarks": false
        },
        {
          "Name": "1_4003688",
          "Term": "1_4003688",
          "ExtraOutputFields": {
            "description": "Parmesan & Italian Cheese",
            "nodelevel": 3,
            "displayorder": 610,
            "parentnodeid": "1_B7EF010"
          },
          "Min": null,
          "Max": null,
          "Applied": false,
          "Count": 3,
          "Statement": null,
          "DisplayCoachMarks": false
        },
        {
          "Name": "1_BE73846",
          "Term": "1_BE73846",
          "ExtraOutputFields": {
            "description": "Desserts & Pastries",
            "nodelevel": 3,
            "displayorder": 378,
            "parentnodeid": "1_62B7AA0"
          },
          "Min": null,
          "Max": null,
          "Applied": false,
          "Count": 3,
          "Statement": null,
          "DisplayCoachMarks": false
        },
        {
          "Name": "1_D5A2236",
          "Term": "1_D5A2236",
          "ExtraOutputFields": {
            "description": "Meat, Seafood & Deli",
            "nodelevel": 1,
            "displayorder": 2,
            "parentnodeid": null
          },
          "Min": null,
          "Max": null,
          "Applied": false,
          "Count": 3,
          "Statement": null,
          "DisplayCoachMarks": false
        },
        {
          "Name": "1_D610306",
          "Term": "1_D610306",
          "ExtraOutputFields": {
            "description": "Seafood",
            "nodelevel": 2,
            "displayorder": 123,
            "parentnodeid": "1_D5A2236"
          },
          "Min": null,
          "Max": null,
          "Applied": false,
          "Count": 3,
          "Statement": null,
          "DisplayCoachMarks": false
        },
        {
          "Name": "1_F3B8F1F",
          "Term": "1_F3B8F1F",
          "ExtraOutputFields": {
            "description": "Mussels & Scallops",
            "nodelevel": 3,
            "displayorder": 718,
            "parentnodeid": "1_D610306"
          },
          "Min": null,
          "Max": null,
          "Applied": false,
          "Count": 3,
          "Statement": null,
          "DisplayCoachMarks": false
        },
        {
          "Name": "1_FC2D497",
          "Term": "1_FC2D497",
          "ExtraOutputFields": {
            "description": "Gluten Free Bakery",
            "nodelevel": 3,
            "displayorder": 382,
            "parentnodeid": "1_62B7AA0"
          },
          "Min": null,
          "Max": null,
          "Applied": false,
          "Count": 3,
          "Statement": null,
          "DisplayCoachMarks": false
        },
        {
          "Name": "1_1A68BB3",
          "Term": "1_1A68BB3",
          "ExtraOutputFields": {
            "description": "Diet & Sports Nutrition",
            "nodelevel": 2,
            "displayorder": 87,
            "parentnodeid": "1_894D0A8"
          },
          "Min": null,
          "Max": null,
          "Applied": false,
          "Count": 2,
          "Statement": null,
          "DisplayCoachMarks": false
        },
        {
          "Name": "1_35E3CFE",
          "Term": "1_35E3CFE",
          "ExtraOutputFields": {
            "description": "Ricotta, Cottage & Cream Cheese",
            "nodelevel": 3,
            "displayorder": 611,
            "parentnodeid": "1_B7EF010"
          },
          "Min": null,
          "Max": null,
          "Applied": false,
          "Count": 2,
          "Statement": null,
          "DisplayCoachMarks": false
        },
        {
          "Name": "1_41B5078",
          "Term": "1_41B5078",
          "ExtraOutputFields": {
            "description": "Diet Snacks & Slimming Aids",
            "nodelevel": 3,
            "displayorder": 216,
            "parentnodeid": "1_1A68BB3"
          },
          "Min": null,
          "Max": null,
          "Applied": false,
          "Count": 2,
          "Statement": null,
          "DisplayCoachMarks": false
        },
        {
          "Name": "1_626AB17",
          "Term": "1_626AB17",
          "ExtraOutputFields": {
            "description": "Ready to Eat Meals",
            "nodelevel": 2,
            "displayorder": 66,
            "parentnodeid": "1_6E4F4E4"
          },
          "Min": null,
          "Max": null,
          "Applied": false,
          "Count": 2,
          "Statement": null,
          "DisplayCoachMarks": false
        },
        {
          "Name": "1_825BAF8",
          "Term": "1_825BAF8",
          "ExtraOutputFields": {
            "description": "Cooking Cheese",
            "nodelevel": 3,
            "displayorder": 608,
            "parentnodeid": "1_B7EF010"
          },
          "Min": null,
          "Max": null,
          "Applied": false,
          "Count": 2,
          "Statement": null,
          "DisplayCoachMarks": false
        },
        {
          "Name": "1_894D0A8",
          "Term": "1_894D0A8",
          "ExtraOutputFields": {
            "description": "Health & Beauty",
            "nodelevel": 1,
            "displayorder": 12,
            "parentnodeid": null
          },
          "Min": null,
          "Max": null,
          "Applied": false,
          "Count": 2,
          "Statement": null,
          "DisplayCoachMarks": false
        },
        {
          "Name": "1_89BB9C0",
          "Term": "1_89BB9C0",
          "ExtraOutputFields": {
            "description": "Sliced Cheese",
            "nodelevel": 3,
            "displayorder": 603,
            "parentnodeid": "1_B7EF010"
          },
          "Min": null,
          "Max": null,
          "Applied": false,
          "Count": 2,
          "Statement": null,
          "DisplayCoachMarks": false
        },
        {
          "Name": "1_A4E3313",
          "Term": "1_A4E3313",
          "ExtraOutputFields": {
            "description": "Chilled Ready Meals",
            "nodelevel": 3,
            "displayorder": 367,
            "parentnodeid": "1_626AB17"
          },
          "Min": null,
          "Max": null,
          "Applied": false,
          "Count": 2,
          "Statement": null,
          "DisplayCoachMarks": false
        },
        {
          "Name": "1_B7999C4",
          "Term": "1_B7999C4",
          "ExtraOutputFields": {
            "description": "Lactose Free",
            "nodelevel": 3,
            "displayorder": 199,
            "parentnodeid": "1_13B343A"
          },
          "Min": null,
          "Max": null,
          "Applied": false,
          "Count": 2,
          "Statement": null,
          "DisplayCoachMarks": false
        },
        {
          "Name": "1-5931EE89",
          "Term": "1-5931EE89",
          "ExtraOutputFields": {
            "description": "Fruit",
            "nodelevel": 2,
            "displayorder": 15,
            "parentnodeid": "1-E5BEE36E"
          },
          "Min": null,
          "Max": null,
          "Applied": false,
          "Count": 1,
          "Statement": null,
          "DisplayCoachMarks": false
        },
        {
          "Name": "1_00ED79B",
          "Term": "1_00ED79B",
          "ExtraOutputFields": {
            "description": "Vegetarian & Vegan",
            "nodelevel": 2,
            "displayorder": 68,
            "parentnodeid": "1_6E4F4E4"
          },
          "Min": null,
          "Max": null,
          "Applied": false,
          "Count": 1,
          "Statement": null,
          "DisplayCoachMarks": false
        },
        {
          "Name": "1_2DDBF53",
          "Term": "1_2DDBF53",
          "ExtraOutputFields": {
            "description": "Vegetarian & Meat Free",
            "nodelevel": 3,
            "displayorder": 152,
            "parentnodeid": "1_00ED79B"
          },
          "Min": null,
          "Max": null,
          "Applied": false,
          "Count": 1,
          "Statement": null,
          "DisplayCoachMarks": false
        },
        {
          "Name": "1_2FBF4AF",
          "Term": "1_2FBF4AF",
          "ExtraOutputFields": {
            "description": "Entertaining Cheese",
            "nodelevel": 3,
            "displayorder": 605,
            "parentnodeid": "1_B7EF010"
          },
          "Min": null,
          "Max": null,
          "Applied": false,
          "Count": 1,
          "Statement": null,
          "DisplayCoachMarks": false
        },
        {
          "Name": "1_33811EB",
          "Term": "1_33811EB",
          "ExtraOutputFields": {
            "description": "Fresh Pasta & Noodles",
            "nodelevel": 3,
            "displayorder": 713,
            "parentnodeid": "1_D3D428B"
          },
          "Min": null,
          "Max": null,
          "Applied": false,
          "Count": 1,
          "Statement": null,
          "DisplayCoachMarks": false
        },
        {
          "Name": "1_51795E8",
          "Term": "1_51795E8",
          "ExtraOutputFields": {
            "description": "Drinks & Powders",
            "nodelevel": 3,
            "displayorder": 806,
            "parentnodeid": "1_F4FDD26"
          },
          "Min": null,
          "Max": null,
          "Applied": false,
          "Count": 1,
          "Statement": null,
          "DisplayCoachMarks": false
        },
        {
          "Name": "1_5402F90",
          "Term": "1_5402F90",
          "ExtraOutputFields": {
            "description": "In-Store Bakery",
            "nodelevel": 2,
            "displayorder": 129,
            "parentnodeid": "1_DEB537E"
          },
          "Min": null,
          "Max": null,
          "Applied": false,
          "Count": 1,
          "Statement": null,
          "DisplayCoachMarks": false
        },
        {
          "Name": "1_60BDD51",
          "Term": "1_60BDD51",
          "ExtraOutputFields": {
            "description": "Berries & Cherries",
            "nodelevel": 3,
            "displayorder": 135,
            "parentnodeid": "1-5931EE89"
          },
          "Min": null,
          "Max": null,
          "Applied": false,
          "Count": 1,
          "Statement": null,
          "DisplayCoachMarks": false
        },
        {
          "Name": "1_6E09AD5",
          "Term": "1_6E09AD5",
          "ExtraOutputFields": {
            "description": "Bread & Wraps",
            "nodelevel": 3,
            "displayorder": 300,
            "parentnodeid": "1_4A1E2EF"
          },
          "Min": null,
          "Max": null,
          "Applied": false,
          "Count": 1,
          "Statement": null,
          "DisplayCoachMarks": false
        },
        {
          "Name": "1_75F932A",
          "Term": "1_75F932A",
          "ExtraOutputFields": {
            "description": "Cakes",
            "nodelevel": 3,
            "displayorder": 374,
            "parentnodeid": "1_62B7AA0"
          },
          "Min": null,
          "Max": null,
          "Applied": false,
          "Count": 1,
          "Statement": null,
          "DisplayCoachMarks": false
        },
        {
          "Name": "1_7EEEA24",
          "Term": "1_7EEEA24",
          "ExtraOutputFields": {
            "description": "Bread Rolls",
            "nodelevel": 3,
            "displayorder": 321,
            "parentnodeid": "1_5402F90"
          },
          "Min": null,
          "Max": null,
          "Applied": false,
          "Count": 1,
          "Statement": null,
          "DisplayCoachMarks": false
        },
        {
          "Name": "1_860C229",
          "Term": "1_860C229",
          "ExtraOutputFields": {
            "description": "Muffins, Scones & Cupcakes",
            "nodelevel": 3,
            "displayorder": 377,
            "parentnodeid": "1_62B7AA0"
          },
          "Min": null,
          "Max": null,
          "Applied": false,
          "Count": 1,
          "Statement": null,
          "DisplayCoachMarks": false
        },
        {
          "Name": "1_968D7D0",
          "Term": "1_968D7D0",
          "ExtraOutputFields": {
            "description": "Bread",
            "nodelevel": 3,
            "displayorder": 319,
            "parentnodeid": "1_5402F90"
          },
          "Min": null,
          "Max": null,
          "Applied": false,
          "Count": 1,
          "Statement": null,
          "DisplayCoachMarks": false
        },
        {
          "Name": "1_CFFD209",
          "Term": "1_CFFD209",
          "ExtraOutputFields": {
            "description": "Italian",
            "nodelevel": 3,
            "displayorder": 310,
            "parentnodeid": "1_53601CD"
          },
          "Min": null,
          "Max": null,
          "Applied": false,
          "Count": 1,
          "Statement": null,
          "DisplayCoachMarks": false
        },
        {
          "Name": "1_D3D428B",
          "Term": "1_D3D428B",
          "ExtraOutputFields": {
            "description": "Fresh Pasta & Sauces",
            "nodelevel": 2,
            "displayorder": 67,
            "parentnodeid": "1_6E4F4E4"
          },
          "Min": null,
          "Max": null,
          "Applied": false,
          "Count": 1,
          "Statement": null,
          "DisplayCoachMarks": false
        },
        {
          "Name": "1_D83D2F7",
          "Term": "1_D83D2F7",
          "ExtraOutputFields": {
            "description": "Rolls & Bagels",
            "nodelevel": 3,
            "displayorder": 381,
            "parentnodeid": "1_62B7AA0"
          },
          "Min": null,
          "Max": null,
          "Applied": false,
          "Count": 1,
          "Statement": null,
          "DisplayCoachMarks": false
        },
        {
          "Name": "1_F4FDD26",
          "Term": "1_F4FDD26",
          "ExtraOutputFields": {
            "description": "Flavoured Milk",
            "nodelevel": 2,
            "displayorder": 53,
            "parentnodeid": "1_5AF3A0A"
          },
          "Min": null,
          "Max": null,
          "Applied": false,
          "Count": 1,
          "Statement": null,
          "DisplayCoachMarks": false
        }
      ],
      "ResultsGrouped": null,
      "State": "Closed",
      "Rank": 1,
      "AdditionalResults": false,
      "DesignType": "Default",
      "ShowFilter": false,
      "Statement": null,
      "DisplayCoachMarks": false
    }
  ],
  "HasRewardsCard": true,
  "HasTobaccoItems": false,
  "Success": true
}