{
  "SeoMetaTags": {
    "Title": "Dairy, Eggs & Fridge",
    "MetaDescription": "Shop online at Woolworths for your groceries. We’re here to help you eat fresher & healthier food, 7 days a week with low prices always.",
    "Groups": []
  },
  "Bundles": [
    {
      "Products": [
        {
          "TileID": 0,
          "Stockcode": 121757,
          "Barcode": "8001665712699",
          "GtinFormat": 13,
          "CupPrice": 1.77,
          "InstoreCupPrice": 1.77,
          "CupMeasure": "100G",
          "CupString": "$1.77 / 100G",
          "InstoreCupString": "$1.77 / 100G",
          "HasCupPrice": true,
          "InstoreHasCupPrice": true,
          "Price": 10,
          "InstorePrice": 10,
          "Name": "Rana Porcini Mushroom Tortellini",
          "UrlFriendlyName": "rana-porcini-mushroom-tortellini",
          "Description": " Rana Porcini Mushroom<br>Tortellini  565g",
          "SmallImageFile": "https://cdn0.woolworths.media/content/wowproductimages/small/121757.jpg",
          "MediumImageFile": "https://cdn0.woolworths.media/content/wowproductimages/medium/121757.jpg",
          "LargeImageFile": "https://cdn0.woolworths.media/content/wowproductimages/large/121757.jpg",
          "IsNew": false,
          "IsOnSpecial": false,
          "InstoreIsOnSpecial": false,
          "IsEdrSpecial": false,
          "SavingsAmount": 0,
          "InstoreSavingsAmount": 0,
          "WasPrice": 10,
          "InstoreWasPrice": 10,
          "QuantityInTrolley": 0,
          "Unit": "Each",
          "MinimumQuantity": 1,
          "HasBeenBoughtBefore": false,
          "IsInTrolley": false,
          "Source": "Aisle.DairyEggsFridge",
          "SupplyLimit": 36,
          "IsRanged": false,
          "IsInStock": true,
          "PackageSize": "565g",
          "IsPmDelivery": false,
          "IsForCollection": true,
          "IsForDelivery": true,
          "IsForExpress": false,
          "ProductRestrictionMessage": null,
          "ProductWarningMessage": null,
          "CentreTag": {
            "TagContent": null,
            "TagLink": null,
            "FallbackText": null,
            "TagType": "None",
            "MultibuyData": null
          },
          "IsCentreTag": false,
          "ImageTag": {
            "TagContent": null,
            "TagLink": null,
            "FallbackText": "",
            "TagType": "None",
            "MultibuyData": null
          },
          "HeaderTag": null,
          "HasHeaderTag": false,
          "UnitWeightInGrams": 575,
          "SupplyLimitMessage": "'Rana Porcini Mushroom Tortellini' has a supply limit of 36. The quantity in your cart has been reduced accordingly. To purchase a larger quantity, please contact us on 1800 000 610. Please note we do not supply trade orders.",
          "SmallFormatDescription": "Rana Porcini Mushroom Tortellini ",
          "FullDescription": "Rana Porcini Mushroom Tortellini ",
          "IsAvailable": true,
          "InstoreIsAvailable": true,
          "IsPurchasable": true,
          "InstoreIsPurchasable": true,
          "AgeRestricted": false,
          "DisplayQuantity": 1,
          "RichDescription": "Enjoy the richness of our filling. Made to perfection with flavoursome diced mushrooms and delicate creamy ricotta cheese, wrapped in paper thin fresh pasta parcels. Now available in family size pack with 4 serves.",
          "IsDeliveryPass": false,
          "HideWasSavedPrice": false,
          "SapCategories": null,
          "Brand": "rana",
          "IsRestrictedByDeliveryMethod": false,
          "FooterTag": {
            "TagContent": null,
            "TagLink": null,
            "FallbackText": null,
            "TagType": "None",
            "MultibuyData": null
          },
          "IsFooterEnabled": false,
          "Diagnostics": "120",
          "IsBundle": false,
          "IsInFamily": false,
          "ChildProducts": [],
          "UrlOverride": null,
          "AdditionalAttributes": {
            "sapdepartmentname": "FRESH CONVENIENCE",
            "sapdepartmentno": "10",
            "sapcategoryname": "DELI CONVENIENCE",
            "sapcategoryno": "2",
            "sapsubcategoryname": "DAIRY - QUICK & EASY MEALS",
            "sapsubcategoryno": "205",
            "sapsegmentname": "FILLED PASTA 401G AND OVER",
            "sapsegmentno": "4",
            "specialsgroupid": null,
            "PiesProductDepartmentNodeId": "1_6E4F4E4",
            "PiesProductDepartmentsjson": "[{\"Id\":\"1_6E4F4E4\",\"Description\":\"Dairy, Eggs & Fridge\"}]",
            "piesdepartmentnamesjson": "[\"Dairy, Eggs & Fridge\"]",
            "piescategorynamesjson": "[\"Fresh Pasta & Sauces\"]",
            "piessubcategorynamesjson": "[\"Fresh Pasta & Noodles\"]",
            "servingsize-total-nip": null,
            "servingsperpack-total-nip": null,
            "microwaveable": "False",
            "ovencook": "False",
            "vegetarian": "False",
            "freezable": "False",
            "containsnuts": "False",
            "containsgluten": "False",
            "description": "Enjoy the richness of our filling. Made to perfection with flavoursome diced mushrooms and delicate creamy ricotta cheese, wrapped in paper thin fresh pasta parcels. Now available in family size pack with 4 serves.",
            "ingredients": "Filling 53%: Porcini Mushroom 15% (Boletus Edulis and Related Group), Vegetable Fibres, Ricotta Cheese (Whey, Milk, Salt, Citric Acid), Champignon Mushroom 9.2% (Agaricus Bisporus), Breadcrumbs (Soft Wheat Flour, Salt, Yeast), Mozzarella Cheese (Milk, Salt, Non-Animal Rennet), Mascarpone Cheese (Cream, Milk, Citric Acid), Starches, Sunflower Oil, Onion, Whey Powder (from Milk), White Wine, Natural Flavouring, Salt, Parsley, Lactose (from Milk), Acidity Regulator (270), Garlic, Skimmed Milk Powder, Black Pepper, Pasta 47%: Soft Wheat Flour, Egg 30%, Durum Wheat Semolina",
            "nutritionalinformation": "{\"Name\":\"Nutritional Information\",\"Attributes\":[{\"Id\":705,\"Name\":\"Carbohydrate Quantity Per 100g - Total - NIP\",\"Value\":\"Approx.41g\",\"Description\":\"Carbohydrate Quantity Per 100g - Total - NIP\",\"SortOrder\":83},{\"Id\":706,\"Name\":\"Carbohydrate Quantity Per Serve - Total - NIP\",\"Value\":\"Approx.57.8g\",\"Description\":\"Carbohydrate Quantity Per Serve - Total - NIP\",\"SortOrder\":87},{\"Id\":759,\"Name\":\"Energy kJ Quantity Per 100g - Total - NIP\",\"Value\":\"Approx.1080kJ\",\"Description\":\"Energy kJ Quantity Per 100g - Total - NIP\",\"SortOrder\":239},{\"Id\":760,\"Name\":\"Energy kJ Quantity Per Serve - Total - NIP\",\"Value\":\"Approx.1523kJ\",\"Description\":\"Energy kJ Quantity Per Serve - Total - NIP\",\"SortOrder\":243},{\"Id\":253,\"Name\":\"Fat Saturated Quantity Per 100g - Total - NIP\",\"Value\":\"Approx.2.4g\",\"Description\":\"Fat Saturated Quantity Per 100g - Total - NIP\",\"SortOrder\":251},{\"Id\":258,\"Name\":\"Fat Saturated Quantity Per Serve - Total - NIP\",\"Value\":\"Approx.3.4g\",\"Description\":\"Fat Saturated Quantity Per Serve - Total - NIP\",\"SortOrder\":255},{\"Id\":764,\"Name\":\"Fat Total Quantity Per 100g - Total - NIP\",\"Value\":\"Approx.6.5g\",\"Description\":\"Fat Total Quantity Per 100g - Total - NIP\",\"SortOrder\":263},{\"Id\":264,\"Name\":\"Fat Total Quantity Per Serve - Total - NIP\",\"Value\":\"Approx.9.2g\",\"Description\":\"Fat Total Quantity Per Serve - Total - NIP\",\"SortOrder\":267},{\"Id\":878,\"Name\":\"Protein Quantity Per 100g - Total - NIP\",\"Value\":\"Approx.8.5g\",\"Description\":\"Protein Quantity Per 100g - Total - NIP\",\"SortOrder\":587},{\"Id\":882,\"Name\":\"Protein Quantity Per Serve - Total - NIP\",\"Value\":\"Approx.12g\",\"Description\":\"Protein Quantity Per Serve - Total - NIP\",\"SortOrder\":591},{\"Id\":477,\"Name\":\"Serving Size - Total - NIP\",\"Value\":\"141g\",\"Description\":\"Serving Size - Total - NIP\",\"SortOrder\":607},{\"Id\":491,\"Name\":\"Sodium Quantity Per 100g - Total - NIP\",\"Value\":\"Approx.520mg\",\"Description\":\"Sodium Quantity Per 100g - Total - NIP\",\"SortOrder\":623},{\"Id\":495,\"Name\":\"Sodium Quantity Per Serve - Total - NIP\",\"Value\":\"Approx.733mg\",\"Description\":\"Sodium Quantity Per Serve - Total - NIP\",\"SortOrder\":627},{\"Id\":907,\"Name\":\"Sugars Quantity Per 100g - Prefix - NIP\",\"Value\":\"Approx.\",\"Description\":\"Sugars Quantity Per 100g - Prefix - NIP\",\"SortOrder\":645},{\"Id\":908,\"Name\":\"Sugars Quantity Per 100g - SuffixUnits - NIP\",\"Value\":\"g\",\"Description\":\"Sugars Quantity Per 100g - SuffixUnits - NIP\",\"SortOrder\":646},{\"Id\":909,\"Name\":\"Sugars Quantity Per 100g - Total - NIP\",\"Value\":\"Approx.4g\",\"Description\":\"Sugars Quantity Per 100g - Total - NIP\",\"SortOrder\":647},{\"Id\":910,\"Name\":\"Sugars Quantity Per 100g - ValueWord - NIP\",\"Value\":\"4\",\"Description\":\"Sugars Quantity Per 100g - ValueWord - NIP\",\"SortOrder\":648},{\"Id\":504,\"Name\":\"Sugars Quantity Per Serve - Prefix - NIP\",\"Value\":\"Approx.\",\"Description\":\"Sugars Quantity Per Serve - Prefix - NIP\",\"SortOrder\":649},{\"Id\":911,\"Name\":\"Sugars Quantity Per Serve - SuffixUnits - NIP\",\"Value\":\"g\",\"Description\":\"Sugars Quantity Per Serve - SuffixUnits - NIP\",\"SortOrder\":650},{\"Id\":912,\"Name\":\"Sugars Quantity Per Serve - Total - NIP\",\"Value\":\"Approx.5.6g\",\"Description\":\"Sugars Quantity Per Serve - Total - NIP\",\"SortOrder\":651},{\"Id\":572,\"Name\":\"Sugars Quantity Per Serve - ValueWord - NIP\",\"Value\":\"5.6\",\"Description\":\"Sugars Quantity Per Serve - ValueWord - NIP\",\"SortOrder\":652}]}",
            "storageinstructions": "Not Suitable for Home Freezing. Keep Refrigerated",
            "usageinstructions": null,
            "brand": "rana",
            "manufacturer": null,
            "countryoforigin": null,
            "productheightmm": null,
            "productwidthmm": null,
            "productdepthmm": null,
            "wool_productpackaging": null,
            "recyclableinformation": null,
            "importantinformation": null,
            "allergencontains": "Egg, Wheat, Milk, Gluten",
            "allergenmaybepresent": "Tree Nuts, Fish, Molluscs",
            "allergystatement": "Soy Free",
            "lifestyleanddietarystatement": "Low Sugar",
            "lifestyleclaim": null,
            "wool_dietaryclaim": null,
            "boxedcontents": null,
            "suitablefor": null,
            "fragrance": null,
            "colour": null,
            "antioxidant": "False",
            "addedvitaminsandminerals": "False",
            "bpafree": "False",
            "sulfatefree": "False",
            "parabenfree": "False",
            "claims": null,
            "alcoholfree": null,
            "anti-dandruff": null,
            "dermatologicallyapproved": null,
            "dermatologistrecommended": null,
            "dermatologisttested": null,
            "fragrance-free": null,
            "haircolour": null,
            "hairtype": null,
            "hypo-allergenic": null,
            "non-comedogenic": null,
            "oilfree": null,
            "ophthalmologistapproved": null,
            "ophthalmologisttested": null,
            "paba-free": null,
            "skincondition": null,
            "skintype": null,
            "soap-free": null,
            "spf": null,
            "sweatresistant": null,
            "timer": null,
            "waterresistant": null,
            "phbalanced": null,
            "antiseptic": "False",
            "antibacterial": "False",
            "activeconstituents": null,
            "contains": null,
            "microwavesafe": "False",
            "productimagecount": "1",
            "friendlydisclaimer": null,
            "productimages": "121757.jpg",
            "healthstarrating": "0",
            "tgawarnings": null,
            "vendorarticleid": null,
            "vendorcostprice": null,
            "tgawarning": null
          },
          "DetailsImagePaths": [
            "https://cdn0.woolworths.media/content/wowproductimages/large/121757.jpg"
          ],
          "Variety": null,
          "Rating": {
            "ReviewCount": 0,
            "RatingCount": 0,
            "RatingSum": 0,
            "OneStarCount": 0,
            "TwoStarCount": 0,
            "ThreeStarCount": 0,
            "FourStarCount": 0,
            "FiveStarCount": 0,
            "Average": 0,
            "OneStarPercentage": 0,
            "TwoStarPercentage": 0,
            "ThreeStarPercentage": 0,
            "FourStarPercentage": 0,
            "FiveStarPercentage": 0
          },
          "HasProductSubs": false,
          "IsSponsoredAd": false,
          "AdID": null,
          "AdIndex": null,
          "ThirdPartyProductInfo": null,
          "MarketFeatures": null,
          "MarketSpecifications": null
        }
      ],
      "Name": "Rana Porcini Mushroom Tortellini"
    },
    {
      "Products": [
        {
          "TileID": 0,
          "Stockcode": 122169,
          "Barcode": "8001665712682",
          "GtinFormat": 13,
          "CupPrice": 1.77,
          "InstoreCupPrice": 1.77,
          "CupMeasure": "100G",
          "CupString": "$1.77 / 100G",
          "InstoreCupString": "$1.77 / 100G",
          "HasCupPrice": true,
          "InstoreHasCupPrice": true,
          "Price": 10,
          "InstorePrice": 10,
          "Name": "Rana Four Cheese Tortellini",
          "UrlFriendlyName": "rana-four-cheese-tortellini",
          "Description": " Rana Four Cheese Tortellini  565g",
          "SmallImageFile": "https://cdn0.woolworths.media/content/wowproductimages/small/122169.jpg",
          "MediumImageFile": "https://cdn0.woolworths.media/content/wowproductimages/medium/122169.jpg",
          "LargeImageFile": "https://cdn0.woolworths.media/content/wowproductimages/large/122169.jpg",
          "IsNew": false,
          "IsOnSpecial": false,
          "InstoreIsOnSpecial": false,
          "IsEdrSpecial": false,
          "SavingsAmount": 0,
          "InstoreSavingsAmount": 0,
          "WasPrice": 10,
          "InstoreWasPrice": 10,
          "QuantityInTrolley": 0,
          "Unit": "Each",
          "MinimumQuantity": 1,
          "HasBeenBoughtBefore": false,
          "IsInTrolley": false,
          "Source": "Aisle.DairyEggsFridge",
          "SupplyLimit": 36,
          "IsRanged": false,
          "IsInStock": true,
          "PackageSize": "565g",
          "IsPmDelivery": false,
          "IsForCollection": true,
          "IsForDelivery": true,
          "IsForExpress": false,
          "ProductRestrictionMessage": null,
          "ProductWarningMessage": null,
          "CentreTag": {
            "TagContent": null,
            "TagLink": null,
            "FallbackText": null,
            "TagType": "None",
            "MultibuyData": null
          },
          "IsCentreTag": false,
          "ImageTag": {
            "TagContent": null,
            "TagLink": null,
            "FallbackText": "",
            "TagType": "None",
            "MultibuyData": null
          },
          "HeaderTag": null,
          "HasHeaderTag": false,
          "UnitWeightInGrams": 575,
          "SupplyLimitMessage": "'Rana Four Cheese Tortellini' has a supply limit of 36. The quantity in your cart has been reduced accordingly. To purchase a larger quantity, please contact us on 1800 000 610. Please note we do not supply trade orders.",
          "SmallFormatDescription": "Rana Four Cheese Tortellini ",
          "FullDescription": "Rana Four Cheese Tortellini ",
          "IsAvailable": true,
          "InstoreIsAvailable": true,
          "IsPurchasable": true,
          "InstoreIsPurchasable": true,
          "AgeRestricted": false,
          "DisplayQuantity": 1,
          "RichDescription": "A delicious and generous filling made with selected varieties of cheeses, wrapped in paper thin fresh pasta. Discover the perfect balance between aromatic and sweet flavours. Now available in family size pack with 4 serves.",
          "IsDeliveryPass": false,
          "HideWasSavedPrice": false,
          "SapCategories": null,
          "Brand": "rana",
          "IsRestrictedByDeliveryMethod": false,
          "FooterTag": {
            "TagContent": null,
            "TagLink": null,
            "FallbackText": null,
            "TagType": "None",
            "MultibuyData": null
          },
          "IsFooterEnabled": false,
          "Diagnostics": "121",
          "IsBundle": false,
          "IsInFamily": false,
          "ChildProducts": [],
          "UrlOverride": null,
          "AdditionalAttributes": {
            "sapdepartmentname": "FRESH CONVENIENCE",
            "sapdepartmentno": "10",
            "sapcategoryname": "DELI CONVENIENCE",
            "sapcategoryno": "2",
            "sapsubcategoryname": "DAIRY - QUICK & EASY MEALS",
            "sapsubcategoryno": "205",
            "sapsegmentname": "FILLED PASTA 401G AND OVER",
            "sapsegmentno": "4",
            "specialsgroupid": null,
            "PiesProductDepartmentNodeId": "1_6E4F4E4",
            "PiesProductDepartmentsjson": "[{\"Id\":\"1_6E4F4E4\",\"Description\":\"Dairy, Eggs & Fridge\"}]",
            "piesdepartmentnamesjson": "[\"Dairy, Eggs & Fridge\"]",
            "piescategorynamesjson": "[\"Fresh Pasta & Sauces\"]",
            "piessubcategorynamesjson": "[\"Fresh Pasta & Noodles\"]",
            "servingsize-total-nip": null,
            "servingsperpack-total-nip": null,
            "microwaveable": "False",
            "ovencook": "False",
            "vegetarian": "False",
            "freezable": "False",
            "containsnuts": "False",
            "containsgluten": "False",
            "description": "A delicious and generous filling made with selected varieties of cheeses, wrapped in paper thin fresh pasta. Discover the perfect balance between aromatic and sweet flavours. Now available in family size pack with 4 serves.",
            "ingredients": "Filling 53%: Ricotta Cheese 17% (Whey, Milk, Salt, Citric Acid), Cream (from Milk), Mozzarella Cheese 8.5% (Milk, Salt, Non-Animal Rennet), Vegetable Fibres, Edamer Cheese 8.4% (Milk, Salt, Non-Animal Rennet), Breadcrumbs (Soft Wheat Flour, Water, Salt, Yeast), Full Fat Hard Cheese 7.5% (Milk, Salt, Non-animal Rennet), Sunflower Oil, Gorgonzola Cheese 6% (Milk, Salt, Animal Rennet), Whey Powder (from Milk), Emmenthal Cheese 3.6% (Milk, Salt, Non-Animal Rennet), Starches, Natural Flavours (contains Barley, Milk), Salt, Pasta 47%: Soft Wheat Flour, Egg 30%, Durum Wheat Semolina",
            "nutritionalinformation": "{\"Name\":\"Nutritional Information\",\"Attributes\":[{\"Id\":705,\"Name\":\"Carbohydrate Quantity Per 100g - Total - NIP\",\"Value\":\"Approx.33g\",\"Description\":\"Carbohydrate Quantity Per 100g - Total - NIP\",\"SortOrder\":83},{\"Id\":706,\"Name\":\"Carbohydrate Quantity Per Serve - Total - NIP\",\"Value\":\"Approx.46.5g\",\"Description\":\"Carbohydrate Quantity Per Serve - Total - NIP\",\"SortOrder\":87},{\"Id\":759,\"Name\":\"Energy kJ Quantity Per 100g - Total - NIP\",\"Value\":\"Approx.1268kJ\",\"Description\":\"Energy kJ Quantity Per 100g - Total - NIP\",\"SortOrder\":239},{\"Id\":760,\"Name\":\"Energy kJ Quantity Per Serve - Total - NIP\",\"Value\":\"Approx.1788kJ\",\"Description\":\"Energy kJ Quantity Per Serve - Total - NIP\",\"SortOrder\":243},{\"Id\":253,\"Name\":\"Fat Saturated Quantity Per 100g - Total - NIP\",\"Value\":\"Approx.6.1g\",\"Description\":\"Fat Saturated Quantity Per 100g - Total - NIP\",\"SortOrder\":251},{\"Id\":258,\"Name\":\"Fat Saturated Quantity Per Serve - Total - NIP\",\"Value\":\"Approx.8.6g\",\"Description\":\"Fat Saturated Quantity Per Serve - Total - NIP\",\"SortOrder\":255},{\"Id\":764,\"Name\":\"Fat Total Quantity Per 100g - Total - NIP\",\"Value\":\"Approx.13g\",\"Description\":\"Fat Total Quantity Per 100g - Total - NIP\",\"SortOrder\":263},{\"Id\":264,\"Name\":\"Fat Total Quantity Per Serve - Total - NIP\",\"Value\":\"Approx.18.3g\",\"Description\":\"Fat Total Quantity Per Serve - Total - NIP\",\"SortOrder\":267},{\"Id\":878,\"Name\":\"Protein Quantity Per 100g - Total - NIP\",\"Value\":\"Approx.12g\",\"Description\":\"Protein Quantity Per 100g - Total - NIP\",\"SortOrder\":587},{\"Id\":882,\"Name\":\"Protein Quantity Per Serve - Total - NIP\",\"Value\":\"Approx.16.9g\",\"Description\":\"Protein Quantity Per Serve - Total - NIP\",\"SortOrder\":591},{\"Id\":477,\"Name\":\"Serving Size - Total - NIP\",\"Value\":\"141g\",\"Description\":\"Serving Size - Total - NIP\",\"SortOrder\":607},{\"Id\":491,\"Name\":\"Sodium Quantity Per 100g - Total - NIP\",\"Value\":\"Approx.480mg\",\"Description\":\"Sodium Quantity Per 100g - Total - NIP\",\"SortOrder\":623},{\"Id\":495,\"Name\":\"Sodium Quantity Per Serve - Total - NIP\",\"Value\":\"Approx.677mg\",\"Description\":\"Sodium Quantity Per Serve - Total - NIP\",\"SortOrder\":627},{\"Id\":907,\"Name\":\"Sugars Quantity Per 100g - Prefix - NIP\",\"Value\":\"Approx.\",\"Description\":\"Sugars Quantity Per 100g - Prefix - NIP\",\"SortOrder\":645},{\"Id\":908,\"Name\":\"Sugars Quantity Per 100g - SuffixUnits - NIP\",\"Value\":\"g\",\"Description\":\"Sugars Quantity Per 100g - SuffixUnits - NIP\",\"SortOrder\":646},{\"Id\":909,\"Name\":\"Sugars Quantity Per 100g - Total - NIP\",\"Value\":\"Approx.3.4g\",\"Description\":\"Sugars Quantity Per 100g - Total - NIP\",\"SortOrder\":647},{\"Id\":910,\"Name\":\"Sugars Quantity Per 100g - ValueWord - NIP\",\"Value\":\"3.4\",\"Description\":\"Sugars Quantity Per 100g - ValueWord - NIP\",\"SortOrder\":648},{\"Id\":504,\"Name\":\"Sugars Quantity Per Serve - Prefix - NIP\",\"Value\":\"Approx.\",\"Description\":\"Sugars Quantity Per Serve - Prefix - NIP\",\"SortOrder\":649},{\"Id\":911,\"Name\":\"Sugars Quantity Per Serve - SuffixUnits - NIP\",\"Value\":\"g\",\"Description\":\"Sugars Quantity Per Serve - SuffixUnits - NIP\",\"SortOrder\":650},{\"Id\":912,\"Name\":\"Sugars Quantity Per Serve - Total - NIP\",\"Value\":\"Approx.4.8g\",\"Description\":\"Sugars Quantity Per Serve - Total - NIP\",\"SortOrder\":651},{\"Id\":572,\"Name\":\"Sugars Quantity Per Serve - ValueWord - NIP\",\"Value\":\"4.8\",\"Description\":\"Sugars Quantity Per Serve - ValueWord - NIP\",\"SortOrder\":652}]}",
            "storageinstructions": "Not Suitable for Home Freezing. Keep Refrigerated",
            "usageinstructions": null,
            "brand": "rana",
            "manufacturer": null,
            "countryoforigin": null,
            "productheightmm": null,
            "productwidthmm": null,
            "productdepthmm": null,
            "wool_productpackaging": null,
            "recyclableinformation": null,
            "importantinformation": null,
            "allergencontains": "Egg, Wheat, Milk, Barley, Gluten",
            "allergenmaybepresent": "Tree Nuts, Fish, Molluscs",
            "allergystatement": "Lupin Free",
            "lifestyleanddietarystatement": "Low Sugar",
            "lifestyleclaim": null,
            "wool_dietaryclaim": null,
            "boxedcontents": null,
            "suitablefor": null,
            "fragrance": null,
            "colour": null,
            "antioxidant": "False",
            "addedvitaminsandminerals": "False",
            "bpafree": "False",
            "sulfatefree": "False",
            "parabenfree": "False",
            "claims": null,
            "alcoholfree": null,
            "anti-dandruff": null,
            "dermatologicallyapproved": null,
            "dermatologistrecommended": null,
            "dermatologisttested": null,
            "fragrance-free": null,
            "haircolour": null,
            "hairtype": null,
            "hypo-allergenic": null,
            "non-comedogenic": null,
            "oilfree": null,
            "ophthalmologistapproved": null,
            "ophthalmologisttested": null,
            "paba-free": null,
            "skincondition": null,
            "skintype": null,
            "soap-free": null,
            "spf": null,
            "sweatresistant": null,
            "timer": null,
            "waterresistant": null,
            "phbalanced": null,
            "antiseptic": "False",
            "antibacterial": "False",
            "activeconstituents": null,
            "contains": null,
            "microwavesafe": "False",
            "productimagecount": "1",
            "friendlydisclaimer": null,
            "productimages": "122169.jpg",
            "healthstarrating": "0",
            "tgawarnings": null,
            "vendorarticleid": null,
            "vendorcostprice": null,
            "tgawarning": null
          },
          "DetailsImagePaths": [
            "https://cdn0.woolworths.media/content/wowproductimages/large/122169.jpg"
          ],
          "Variety": null,
          "Rating": {
            "ReviewCount": 0,
            "RatingCount": 0,
            "RatingSum": 0,
            "OneStarCount": 0,
            "TwoStarCount": 0,
            "ThreeStarCount": 0,
            "FourStarCount": 0,
            "FiveStarCount": 0,
            "Average": 0,
            "OneStarPercentage": 0,
            "TwoStarPercentage": 0,
            "ThreeStarPercentage": 0,
            "FourStarPercentage": 0,
            "FiveStarPercentage": 0
          },
          "HasProductSubs": false,
          "IsSponsoredAd": false,
          "AdID": null,
          "AdIndex": null,
          "ThirdPartyProductInfo": null,
          "MarketFeatures": null,
          "MarketSpecifications": null
        }
      ],
      "Name": "Rana Four Cheese Tortellini"
    },
    {
      "Products": [
        {
          "TileID": 0,
          "Stockcode": 122322,
          "Barcode": "877448007751",
          "GtinFormat": 12,
          "CupPrice": 1.77,
          "InstoreCupPrice": 1.77,
          "CupMeasure": "100G",
          "CupString": "$1.77 / 100G",
          "InstoreCupString": "$1.77 / 100G",
          "HasCupPrice": true,
          "InstoreHasCupPrice": true,
          "Price": 10,
          "InstorePrice": 10,
          "Name": "Rana Smoked Ham & Mozzarella Tortellini",
          "UrlFriendlyName": "rana-smoked-ham-mozzarella-tortellini",
          "Description": " Rana Smoked Ham & Mozzarella<br>Tortellini 565g",
          "SmallImageFile": "https://cdn0.woolworths.media/content/wowproductimages/small/122322.jpg",
          "MediumImageFile": "https://cdn0.woolworths.media/content/wowproductimages/medium/122322.jpg",
          "LargeImageFile": "https://cdn0.woolworths.media/content/wowproductimages/large/122322.jpg",
          "IsNew": false,
          "IsOnSpecial": false,
          "InstoreIsOnSpecial": false,
          "IsEdrSpecial": false,
          "SavingsAmount": 0,
          "InstoreSavingsAmount": 0,
          "WasPrice": 10,
          "InstoreWasPrice": 10,
          "QuantityInTrolley": 0,
          "Unit": "Each",
          "MinimumQuantity": 1,
          "HasBeenBoughtBefore": false,
          "IsInTrolley": false,
          "Source": "Aisle.DairyEggsFridge",
          "SupplyLimit": 36,
          "IsRanged": false,
          "IsInStock": true,
          "PackageSize": "565g",
          "IsPmDelivery": false,
          "IsForCollection": true,
          "IsForDelivery": true,
          "IsForExpress": false,
          "ProductRestrictionMessage": null,
          "ProductWarningMessage": null,
          "CentreTag": {
            "TagContent": null,
            "TagLink": null,
            "FallbackText": null,
            "TagType": "None",
            "MultibuyData": null
          },
          "IsCentreTag": false,
          "ImageTag": {
            "TagContent": null,
            "TagLink": null,
            "FallbackText": "",
            "TagType": "None",
            "MultibuyData": null
          },
          "HeaderTag": null,
          "HasHeaderTag": false,
          "UnitWeightInGrams": 575,
          "SupplyLimitMessage": "'Rana Smoked Ham & Mozzarella Tortellini' has a supply limit of 36. The quantity in your cart has been reduced accordingly. To purchase a larger quantity, please contact us on 1800 000 610. Please note we do not supply trade orders.",
          "SmallFormatDescription": "Rana Smoked Ham & Mozzarella Tortellini",
          "FullDescription": "Rana Smoked Ham & Mozzarella Tortellini",
          "IsAvailable": true,
          "InstoreIsAvailable": true,
          "IsPurchasable": true,
          "InstoreIsPurchasable": true,
          "AgeRestricted": false,
          "DisplayQuantity": 1,
          "RichDescription": "Discover the delicious flavour of this traditional Italian recipe. Enjoy the thin egg pasta dough and the creamy filling made with fresh tuna and flavoursome tomato. A true explosion of flavour wrapped in fresh pasta. Rana Smoked Ham & Mozzarella is available in family size pack with 4 serves.",
          "IsDeliveryPass": false,
          "HideWasSavedPrice": false,
          "SapCategories": null,
          "Brand": "rana",
          "IsRestrictedByDeliveryMethod": false,
          "FooterTag": {
            "TagContent": null,
            "TagLink": null,
            "FallbackText": null,
            "TagType": "None",
            "MultibuyData": null
          },
          "IsFooterEnabled": false,
          "Diagnostics": "122",
          "IsBundle": false,
          "IsInFamily": false,
          "ChildProducts": [],
          "UrlOverride": null,
          "AdditionalAttributes": {
            "sapdepartmentname": "FRESH CONVENIENCE",
            "sapdepartmentno": "10",
            "sapcategoryname": "DELI CONVENIENCE",
            "sapcategoryno": "2",
            "sapsubcategoryname": "DAIRY - QUICK & EASY MEALS",
            "sapsubcategoryno": "205",
            "sapsegmentname": "FILLED PASTA 401G AND OVER",
            "sapsegmentno": "4",
            "specialsgroupid": null,
            "PiesProductDepartmentNodeId": "1_6E4F4E4",
            "PiesProductDepartmentsjson": "[{\"Id\":\"1_6E4F4E4\",\"Description\":\"Dairy, Eggs & Fridge\"}]",
            "piesdepartmentnamesjson": "[\"Dairy, Eggs & Fridge\"]",
            "piescategorynamesjson": "[\"Fresh Pasta & Sauces\"]",
            "piessubcategorynamesjson": "[\"Fresh Pasta & Noodles\"]",
            "servingsize-total-nip": null,
            "servingsperpack-total-nip": null,
            "microwaveable": "False",
            "ovencook": "False",
            "vegetarian": "False",
            "freezable": "False",
            "containsnuts": "False",
            "containsgluten": "False",
            "description": "Discover the delicious flavour of this traditional Italian recipe. Enjoy the thin egg pasta dough and the creamy filling made with fresh tuna and flavoursome tomato. A true explosion of flavour wrapped in fresh pasta. Rana Smoked Ham & Mozzarella is available in family size pack with 4 serves.",
            "ingredients": "Filling 50%: Ricotta Cheese [Whey (Milk), Milk, Cream (Milk), Vinegar], Smoked Ham 13% (Pork Meat, Water, Salt, Sugar, Celery Powder, Cherry Powder), Smoked Mozzarella Cheese 7% (Milk, Salt, Non-Animal Rennet, Flavouring), Romano Cheese from Cow's Milk (Milk, Salt, Non-Animal Rennet), Whey Powder (Milk), Breadcrumbs (Soft Wheat Flour, Water, Yeast, Salt), Sunflower Seed Oil, Vegetable Fibers Flavourings (Milk, Barley), Starch, Salt, Dehydrated Potatoes, Black Pepper, Pasta 50%: Durum Wheat Semolina, Egg 25%, Water",
            "nutritionalinformation": "{\"Name\":\"Nutritional Information\",\"Attributes\":[{\"Id\":705,\"Name\":\"Carbohydrate Quantity Per 100g - Total - NIP\",\"Value\":\"Approx.31g\",\"Description\":\"Carbohydrate Quantity Per 100g - Total - NIP\",\"SortOrder\":83},{\"Id\":706,\"Name\":\"Carbohydrate Quantity Per Serve - Total - NIP\",\"Value\":\"Approx.43.7g\",\"Description\":\"Carbohydrate Quantity Per Serve - Total - NIP\",\"SortOrder\":87},{\"Id\":759,\"Name\":\"Energy kJ Quantity Per 100g - Total - NIP\",\"Value\":\"Approx.1044kJ\",\"Description\":\"Energy kJ Quantity Per 100g - Total - NIP\",\"SortOrder\":239},{\"Id\":760,\"Name\":\"Energy kJ Quantity Per Serve - Total - NIP\",\"Value\":\"Approx.1472kJ\",\"Description\":\"Energy kJ Quantity Per Serve - Total - NIP\",\"SortOrder\":243},{\"Id\":253,\"Name\":\"Fat Saturated Quantity Per 100g - Total - NIP\",\"Value\":\"Approx.3.4g\",\"Description\":\"Fat Saturated Quantity Per 100g - Total - NIP\",\"SortOrder\":251},{\"Id\":258,\"Name\":\"Fat Saturated Quantity Per Serve - Total - NIP\",\"Value\":\"Approx.4.8g\",\"Description\":\"Fat Saturated Quantity Per Serve - Total - NIP\",\"SortOrder\":255},{\"Id\":764,\"Name\":\"Fat Total Quantity Per 100g - Total - NIP\",\"Value\":\"Approx.8.3g\",\"Description\":\"Fat Total Quantity Per 100g - Total - NIP\",\"SortOrder\":263},{\"Id\":264,\"Name\":\"Fat Total Quantity Per Serve - Total - NIP\",\"Value\":\"Approx.11.7g\",\"Description\":\"Fat Total Quantity Per Serve - Total - NIP\",\"SortOrder\":267},{\"Id\":878,\"Name\":\"Protein Quantity Per 100g - Total - NIP\",\"Value\":\"Approx.11g\",\"Description\":\"Protein Quantity Per 100g - Total - NIP\",\"SortOrder\":587},{\"Id\":882,\"Name\":\"Protein Quantity Per Serve - Total - NIP\",\"Value\":\"Approx.15.5g\",\"Description\":\"Protein Quantity Per Serve - Total - NIP\",\"SortOrder\":591},{\"Id\":477,\"Name\":\"Serving Size - Total - NIP\",\"Value\":\"141g\",\"Description\":\"Serving Size - Total - NIP\",\"SortOrder\":607},{\"Id\":491,\"Name\":\"Sodium Quantity Per 100g - Total - NIP\",\"Value\":\"Approx.520mg\",\"Description\":\"Sodium Quantity Per 100g - Total - NIP\",\"SortOrder\":623},{\"Id\":495,\"Name\":\"Sodium Quantity Per Serve - Total - NIP\",\"Value\":\"Approx.733mg\",\"Description\":\"Sodium Quantity Per Serve - Total - NIP\",\"SortOrder\":627},{\"Id\":907,\"Name\":\"Sugars Quantity Per 100g - Prefix - NIP\",\"Value\":\"Approx.\",\"Description\":\"Sugars Quantity Per 100g - Prefix - NIP\",\"SortOrder\":645},{\"Id\":908,\"Name\":\"Sugars Quantity Per 100g - SuffixUnits - NIP\",\"Value\":\"g\",\"Description\":\"Sugars Quantity Per 100g - SuffixUnits - NIP\",\"SortOrder\":646},{\"Id\":909,\"Name\":\"Sugars Quantity Per 100g - Total - NIP\",\"Value\":\"Approx.5.2g\",\"Description\":\"Sugars Quantity Per 100g - Total - NIP\",\"SortOrder\":647},{\"Id\":910,\"Name\":\"Sugars Quantity Per 100g - ValueWord - NIP\",\"Value\":\"5.2\",\"Description\":\"Sugars Quantity Per 100g - ValueWord - NIP\",\"SortOrder\":648},{\"Id\":504,\"Name\":\"Sugars Quantity Per Serve - Prefix - NIP\",\"Value\":\"Approx.\",\"Description\":\"Sugars Quantity Per Serve - Prefix - NIP\",\"SortOrder\":649},{\"Id\":911,\"Name\":\"Sugars Quantity Per Serve - SuffixUnits - NIP\",\"Value\":\"g\",\"Description\":\"Sugars Quantity Per Serve - SuffixUnits - NIP\",\"SortOrder\":650},{\"Id\":912,\"Name\":\"Sugars Quantity Per Serve - Total - NIP\",\"Value\":\"Approx.7.3g\",\"Description\":\"Sugars Quantity Per Serve - Total - NIP\",\"SortOrder\":651},{\"Id\":572,\"Name\":\"Sugars Quantity Per Serve - ValueWord - NIP\",\"Value\":\"7.3\",\"Description\":\"Sugars Quantity Per Serve - ValueWord - NIP\",\"SortOrder\":652}]}",
            "storageinstructions": "Not Suitable for Home Freezing. Keep Refrigerated",
            "usageinstructions": null,
            "brand": "rana",
            "manufacturer": null,
            "countryoforigin": null,
            "productheightmm": null,
            "productwidthmm": null,
            "productdepthmm": null,
            "wool_productpackaging": null,
            "recyclableinformation": null,
            "importantinformation": null,
            "allergencontains": "Egg, Wheat, Milk, Barley, Gluten",
            "allergenmaybepresent": "Tree Nuts, Sesame Seeds, Fish, Molluscs, Lupine",
            "allergystatement": "Soy Free",
            "lifestyleanddietarystatement": "High Protein",
            "lifestyleclaim": null,
            "wool_dietaryclaim": null,
            "boxedcontents": null,
            "suitablefor": null,
            "fragrance": null,
            "colour": null,
            "antioxidant": "False",
            "addedvitaminsandminerals": "False",
            "bpafree": "False",
            "sulfatefree": "False",
            "parabenfree": "False",
            "claims": null,
            "alcoholfree": null,
            "anti-dandruff": null,
            "dermatologicallyapproved": null,
            "dermatologistrecommended": null,
            "dermatologisttested": null,
            "fragrance-free": null,
            "haircolour": null,
            "hairtype": null,
            "hypo-allergenic": null,
            "non-comedogenic": null,
            "oilfree": null,
            "ophthalmologistapproved": null,
            "ophthalmologisttested": null,
            "paba-free": null,
            "skincondition": null,
            "skintype": null,
            "soap-free": null,
            "spf": null,
            "sweatresistant": null,
            "timer": null,
            "waterresistant": null,
            "phbalanced": null,
            "antiseptic": "False",
            "antibacterial": "False",
            "activeconstituents": null,
            "contains": null,
            "microwavesafe": "False",
            "productimagecount": "1",
            "friendlydisclaimer": null,
            "productimages": "122322.jpg",
            "healthstarrating": "0",
            "tgawarnings": null,
            "vendorarticleid": null,
            "vendorcostprice": null,
            "tgawarning": null
          },
          "DetailsImagePaths": [
            "https://cdn0.woolworths.media/content/wowproductimages/large/122322.jpg"
          ],
          "Variety": "tortellini",
          "Rating": {
            "ReviewCount": 0,
            "RatingCount": 0,
            "RatingSum": 0,
            "OneStarCount": 0,
            "TwoStarCount": 0,
            "ThreeStarCount": 0,
            "FourStarCount": 0,
            "FiveStarCount": 0,
            "Average": 0,
            "OneStarPercentage": 0,
            "TwoStarPercentage": 0,
            "ThreeStarPercentage": 0,
            "FourStarPercentage": 0,
            "FiveStarPercentage": 0
          },
          "HasProductSubs": false,
          "IsSponsoredAd": false,
          "AdID": null,
          "AdIndex": null,
          "ThirdPartyProductInfo": null,
          "MarketFeatures": null,
          "MarketSpecifications": null
        }
      ],
      "Name": "Rana Smoked Ham & Mozzarella Tortellini"
    },
    {
      "Products": [
        {
          "TileID": 0,
          "Stockcode": 124783,
          "Barcode": "9310036087403",
          "GtinFormat": 13,
          "CupPrice": 0.5,
          "InstoreCupPrice": 0.5,
          "CupMeasure": "100G",
          "CupString": "$0.50 / 100G",
          "InstoreCupString": "$0.50 / 100G",
          "HasCupPrice": true,
          "InstoreHasCupPrice": true,
          "Price": 10,
          "InstorePrice": 10,
          "Name": "Pauls Greek Style Yoghurt",
          "UrlFriendlyName": "pauls-greek-style-yoghurt",
          "Description": " Pauls Greek Style Yoghurt  2kg",
          "SmallImageFile": "https://cdn0.woolworths.media/content/wowproductimages/small/124783.jpg",
          "MediumImageFile": "https://cdn0.woolworths.media/content/wowproductimages/medium/124783.jpg",
          "LargeImageFile": "https://cdn0.woolworths.media/content/wowproductimages/large/124783.jpg",
          "IsNew": false,
          "IsOnSpecial": false,
          "InstoreIsOnSpecial": false,
          "IsEdrSpecial": false,
          "SavingsAmount": 0,
          "InstoreSavingsAmount": 0,
          "WasPrice": 10,
          "InstoreWasPrice": 10,
          "QuantityInTrolley": 0,
          "Unit": "Each",
          "MinimumQuantity": 1,
          "HasBeenBoughtBefore": false,
          "IsInTrolley": false,
          "Source": "Aisle.DairyEggsFridge",
          "SupplyLimit": 36,
          "IsRanged": false,
          "IsInStock": true,
          "PackageSize": "2kg",
          "IsPmDelivery": false,
          "IsForCollection": true,
          "IsForDelivery": true,
          "IsForExpress": false,
          "ProductRestrictionMessage": null,
          "ProductWarningMessage": null,
          "CentreTag": {
            "TagContent": null,
            "TagLink": null,
            "FallbackText": null,
            "TagType": "None",
            "MultibuyData": null
          },
          "IsCentreTag": false,
          "ImageTag": {
            "TagContent": null,
            "TagLink": null,
            "FallbackText": "",
            "TagType": "None",
            "MultibuyData": null
          },
          "HeaderTag": {
            "BackgroundColor": "#c20016",
            "BorderColor": "#c20016",
            "TextColor": "#fff",
            "Content": "Low price <span class=\"u-semibold\">always</span>",
            "TagLink": null,
            "Promotion": "LowPrice"
          },
          "HasHeaderTag": true,
          "UnitWeightInGrams": 2100,
          "SupplyLimitMessage": "'Pauls Greek Style Yoghurt' has a supply limit of 36. The quantity in your cart has been reduced accordingly. To purchase a larger quantity, please contact us on 1800 000 610. Please note we do not supply trade orders.",
          "SmallFormatDescription": "Pauls Greek Style Yoghurt ",
          "FullDescription": "Pauls Greek Style Yoghurt ",
          "IsAvailable": true,
          "InstoreIsAvailable": true,
          "IsPurchasable": true,
          "InstoreIsPurchasable": true,
          "AgeRestricted": false,
          "DisplayQuantity": 1,
          "RichDescription": "Pauls Greek Style Yoghurt is made with Australian milk. It's also all natural, gelatin-free and gluten-free. <br> At Pauls we love dairy. We're pretty passionate about making great tasting products packed with real dairy goodness. We put that devotion into every Pauls milk, cream, custard and yoghurt we make.<br />Pauls Greek Style Yoghurt is deliciously thick and creamy. It's the perfect choice in your favourite family recipes, or served with fruit and muesli as a healthy snack.",
          "IsDeliveryPass": false,
          "HideWasSavedPrice": false,
          "SapCategories": null,
          "Brand": "pauls",
          "IsRestrictedByDeliveryMethod": false,
          "FooterTag": {
            "TagContent": "<div class=\"productTag-lowerpricealways\" style=\"\r\nheight:46px;\r\nposition:absolute;\r\ntop:-2px;\r\nleft:0;\r\nwidth:100%;\r\nbackground:#c20016;\r\ntext-align:center;\r\n\">\r\n<img src=\"https://wowpmediaaae.azureedge.net/content/content/lpa_footer_img2.png\" width=\"166px\" height=\"13px\" alt=\"Lower Price Always\" style=\"display:inline-block; margin-top:15px;\">\r\n</div>\r\n<style>\r\n.cardViewCompact wow-shelf-product:not(.override-global-size) .card:not(.is-smallFormat).shelfProductStamp .productTag-lowerpricealways img{\r\n                max-width: 90%;\r\n}\r\n</style>",
            "TagLink": null,
            "FallbackText": null,
            "TagType": "Html",
            "MultibuyData": null
          },
          "IsFooterEnabled": true,
          "Diagnostics": "123",
          "IsBundle": false,
          "IsInFamily": false,
          "ChildProducts": [],
          "UrlOverride": null,
          "AdditionalAttributes": {
            "sapdepartmentname": "FRESH CONVENIENCE",
            "sapdepartmentno": "10",
            "sapcategoryname": "DAIRY - YOGHURT",
            "sapcategoryno": "94",
            "sapsubcategoryname": "DAIRY - YOGHURT MULTI SERVE",
            "sapsubcategoryno": "877",
            "sapsegmentname": "GREEK/NATURAL",
            "sapsegmentno": "3",
            "specialsgroupid": null,
            "PiesProductDepartmentNodeId": "1_6E4F4E4",
            "PiesProductDepartmentsjson": "[{\"Id\":\"1_6E4F4E4\",\"Description\":\"Dairy, Eggs & Fridge\"}]",
            "piesdepartmentnamesjson": "[\"Dairy, Eggs & Fridge\"]",
            "piescategorynamesjson": "[\"Yoghurt\"]",
            "piessubcategorynamesjson": "[\"Low & No Fat Yoghurt\"]",
            "servingsize-total-nip": null,
            "servingsperpack-total-nip": null,
            "microwaveable": "False",
            "ovencook": "False",
            "vegetarian": "False",
            "freezable": "False",
            "containsnuts": "False",
            "containsgluten": "False",
            "description": "Pauls Greek Style Yoghurt is made with Australian milk. It's also all natural, gelatin-free and gluten-free. <br> At Pauls we love dairy. We're pretty passionate about making great tasting products packed with real dairy goodness. We put that devotion into every Pauls milk, cream, custard and yoghurt we make.<br />Pauls Greek Style Yoghurt is deliciously thick and creamy. It's the perfect choice in your favourite family recipes, or served with fruit and muesli as a healthy snack.",
            "ingredients": "Milk, milk solids, cream, live yoghurt cultures.",
            "nutritionalinformation": "{\"Name\":\"Nutritional Information\",\"Attributes\":[{\"Id\":705,\"Name\":\"Carbohydrate Quantity Per 100g - Total - NIP\",\"Value\":\"7.6g\",\"Description\":\"Carbohydrate Quantity Per 100g - Total - NIP\",\"SortOrder\":83},{\"Id\":706,\"Name\":\"Carbohydrate Quantity Per Serve - Total - NIP\",\"Value\":\"7.6g\",\"Description\":\"Carbohydrate Quantity Per Serve - Total - NIP\",\"SortOrder\":87},{\"Id\":759,\"Name\":\"Energy kJ Quantity Per 100g - Total - NIP\",\"Value\":\"367kJ\",\"Description\":\"Energy kJ Quantity Per 100g - Total - NIP\",\"SortOrder\":239},{\"Id\":760,\"Name\":\"Energy kJ Quantity Per Serve - Total - NIP\",\"Value\":\"367kJ\",\"Description\":\"Energy kJ Quantity Per Serve - Total - NIP\",\"SortOrder\":243},{\"Id\":253,\"Name\":\"Fat Saturated Quantity Per 100g - Total - NIP\",\"Value\":\"2.5g\",\"Description\":\"Fat Saturated Quantity Per 100g - Total - NIP\",\"SortOrder\":251},{\"Id\":258,\"Name\":\"Fat Saturated Quantity Per Serve - Total - NIP\",\"Value\":\"2.5g\",\"Description\":\"Fat Saturated Quantity Per Serve - Total - NIP\",\"SortOrder\":255},{\"Id\":764,\"Name\":\"Fat Total Quantity Per 100g - Total - NIP\",\"Value\":\"3.8g\",\"Description\":\"Fat Total Quantity Per 100g - Total - NIP\",\"SortOrder\":263},{\"Id\":264,\"Name\":\"Fat Total Quantity Per Serve - Total - NIP\",\"Value\":\"3.8g\",\"Description\":\"Fat Total Quantity Per Serve - Total - NIP\",\"SortOrder\":267},{\"Id\":878,\"Name\":\"Protein Quantity Per 100g - Total - NIP\",\"Value\":\"5.7g\",\"Description\":\"Protein Quantity Per 100g - Total - NIP\",\"SortOrder\":587},{\"Id\":882,\"Name\":\"Protein Quantity Per Serve - Total - NIP\",\"Value\":\"5.7g\",\"Description\":\"Protein Quantity Per Serve - Total - NIP\",\"SortOrder\":591},{\"Id\":477,\"Name\":\"Serving Size - Total - NIP\",\"Value\":\"100g\",\"Description\":\"Serving Size - Total - NIP\",\"SortOrder\":607},{\"Id\":544,\"Name\":\"Servings Per Pack - Total - NIP\",\"Value\":\"20\",\"Description\":\"Servings Per Pack - Total - NIP\",\"SortOrder\":611},{\"Id\":491,\"Name\":\"Sodium Quantity Per 100g - Total - NIP\",\"Value\":\"62mg\",\"Description\":\"Sodium Quantity Per 100g - Total - NIP\",\"SortOrder\":623},{\"Id\":495,\"Name\":\"Sodium Quantity Per Serve - Total - NIP\",\"Value\":\"62mg\",\"Description\":\"Sodium Quantity Per Serve - Total - NIP\",\"SortOrder\":627},{\"Id\":908,\"Name\":\"Sugars Quantity Per 100g - SuffixUnits - NIP\",\"Value\":\"g\",\"Description\":\"Sugars Quantity Per 100g - SuffixUnits - NIP\",\"SortOrder\":646},{\"Id\":909,\"Name\":\"Sugars Quantity Per 100g - Total - NIP\",\"Value\":\"7.5g\",\"Description\":\"Sugars Quantity Per 100g - Total - NIP\",\"SortOrder\":647},{\"Id\":910,\"Name\":\"Sugars Quantity Per 100g - ValueWord - NIP\",\"Value\":\"7.5\",\"Description\":\"Sugars Quantity Per 100g - ValueWord - NIP\",\"SortOrder\":648},{\"Id\":911,\"Name\":\"Sugars Quantity Per Serve - SuffixUnits - NIP\",\"Value\":\"g\",\"Description\":\"Sugars Quantity Per Serve - SuffixUnits - NIP\",\"SortOrder\":650},{\"Id\":912,\"Name\":\"Sugars Quantity Per Serve - Total - NIP\",\"Value\":\"7.5g\",\"Description\":\"Sugars Quantity Per Serve - Total - NIP\",\"SortOrder\":651},{\"Id\":572,\"Name\":\"Sugars Quantity Per Serve - ValueWord - NIP\",\"Value\":\"7.5\",\"Description\":\"Sugars Quantity Per Serve - ValueWord - NIP\",\"SortOrder\":652}]}",
            "storageinstructions": "Keep refrigerated between 1°C and 5°C. Store in an upright position.",
            "usageinstructions": null,
            "brand": "pauls",
            "manufacturer": null,
            "countryoforigin": null,
            "productheightmm": null,
            "productwidthmm": null,
            "productdepthmm": null,
            "wool_productpackaging": null,
            "recyclableinformation": null,
            "importantinformation": null,
            "allergencontains": "Milk",
            "allergenmaybepresent": null,
            "allergystatement": "Gluten Free",
            "lifestyleanddietarystatement": "Low Salt",
            "lifestyleclaim": null,
            "wool_dietaryclaim": null,
            "boxedcontents": null,
            "suitablefor": null,
            "fragrance": null,
            "colour": null,
            "antioxidant": "False",
            "addedvitaminsandminerals": "False",
            "bpafree": "False",
            "sulfatefree": "False",
            "parabenfree": "False",
            "claims": null,
            "alcoholfree": null,
            "anti-dandruff": null,
            "dermatologicallyapproved": null,
            "dermatologistrecommended": null,
            "dermatologisttested": null,
            "fragrance-free": null,
            "haircolour": null,
            "hairtype": null,
            "hypo-allergenic": null,
            "non-comedogenic": null,
            "oilfree": null,
            "ophthalmologistapproved": null,
            "ophthalmologisttested": null,
            "paba-free": null,
            "skincondition": null,
            "skintype": null,
            "soap-free": null,
            "spf": null,
            "sweatresistant": null,
            "timer": null,
            "waterresistant": null,
            "phbalanced": null,
            "antiseptic": "False",
            "antibacterial": "False",
            "activeconstituents": null,
            "contains": null,
            "microwavesafe": "False",
            "productimagecount": "3",
            "friendlydisclaimer": null,
            "productimages": "124783.jpg,124783_1.jpg,124783_2.jpg",
            "healthstarrating": "0",
            "tgawarnings": null,
            "vendorarticleid": null,
            "vendorcostprice": null,
            "tgawarning": null
          },
          "DetailsImagePaths": [
            "https://cdn0.woolworths.media/content/wowproductimages/large/124783.jpg",
            "https://cdn0.woolworths.media/content/wowproductimages/large/124783_1.jpg",
            "https://cdn0.woolworths.media/content/wowproductimages/large/124783_2.jpg"
          ],
          "Variety": null,
          "Rating": {
            "ReviewCount": 0,
            "RatingCount": 0,
            "RatingSum": 0,
            "OneStarCount": 0,
            "TwoStarCount": 0,
            "ThreeStarCount": 0,
            "FourStarCount": 0,
            "FiveStarCount": 0,
            "Average": 0,
            "OneStarPercentage": 0,
            "TwoStarPercentage": 0,
            "ThreeStarPercentage": 0,
            "FourStarPercentage": 0,
            "FiveStarPercentage": 0
          },
          "HasProductSubs": false,
          "IsSponsoredAd": false,
          "AdID": null,
          "AdIndex": null,
          "ThirdPartyProductInfo": null,
          "MarketFeatures": null,
          "MarketSpecifications": null
        }
      ],
      "Name": "Pauls Greek Style Yoghurt"
    },
    {
      "Products": [
        {
          "TileID": 0,
          "Stockcode": 187890,
          "Barcode": "9310199068639",
          "GtinFormat": 13,
          "CupPrice": 13.33,
          "InstoreCupPrice": 13.33,
          "CupMeasure": "1KG",
          "CupString": "$13.33 / 1KG",
          "InstoreCupString": "$13.33 / 1KG",
          "HasCupPrice": true,
          "InstoreHasCupPrice": true,
          "Price": 10,
          "InstorePrice": 10,
          "Name": "Coon Cheese Slices Tasty Light",
          "UrlFriendlyName": "coon-cheese-slices-tasty-light",
          "Description": " Coon Cheese Slices Tasty<br>Light 750g",
          "SmallImageFile": "https://cdn0.woolworths.media/content/wowproductimages/small/187890.jpg",
          "MediumImageFile": "https://cdn0.woolworths.media/content/wowproductimages/medium/187890.jpg",
          "LargeImageFile": "https://cdn0.woolworths.media/content/wowproductimages/large/187890.jpg",
          "IsNew": false,
          "IsOnSpecial": false,
          "InstoreIsOnSpecial": false,
          "IsEdrSpecial": false,
          "SavingsAmount": 0,
          "InstoreSavingsAmount": 0,
          "WasPrice": 10,
          "InstoreWasPrice": 10,
          "QuantityInTrolley": 0,
          "Unit": "Each",
          "MinimumQuantity": 1,
          "HasBeenBoughtBefore": false,
          "IsInTrolley": false,
          "Source": "Aisle.DairyEggsFridge",
          "SupplyLimit": 36,
          "IsRanged": false,
          "IsInStock": true,
          "PackageSize": "750g",
          "IsPmDelivery": true,
          "IsForCollection": true,
          "IsForDelivery": true,
          "IsForExpress": false,
          "ProductRestrictionMessage": null,
          "ProductWarningMessage": null,
          "CentreTag": {
            "TagContent": "<span style=\"COLOR: #e2001a\"> Was $12.00 07/07/2020</span>",
            "TagLink": null,
            "FallbackText": null,
            "TagType": "Html",
            "MultibuyData": null
          },
          "IsCentreTag": true,
          "ImageTag": {
            "TagContent": null,
            "TagLink": null,
            "FallbackText": "",
            "TagType": "None",
            "MultibuyData": null
          },
          "HeaderTag": {
            "BackgroundColor": "#fff",
            "BorderColor": "#c20016",
            "TextColor": "#c20016",
            "Content": "<span class=\"u-semibold\">Prices dropped</span>",
            "TagLink": null,
            "Promotion": "PriceDropped"
          },
          "HasHeaderTag": true,
          "UnitWeightInGrams": 816,
          "SupplyLimitMessage": "'Coon Cheese Slices Tasty Light' has a supply limit of 36. The quantity in your cart has been reduced accordingly. To purchase a larger quantity, please contact us on 1800 000 610. Please note we do not supply trade orders.",
          "SmallFormatDescription": "Coon Cheese Slices Tasty Light",
          "FullDescription": "Coon Cheese Slices Tasty Light",
          "IsAvailable": true,
          "InstoreIsAvailable": true,
          "IsPurchasable": true,
          "InstoreIsPurchasable": true,
          "AgeRestricted": false,
          "DisplayQuantity": 1,
          "RichDescription": "Coon Light'n Tasty special recipe for that great coon taste. It contains Source of Protein, vegetarian friendly, no preservatives. 25% less fat.",
          "IsDeliveryPass": false,
          "HideWasSavedPrice": false,
          "SapCategories": null,
          "Brand": "Coon",
          "IsRestrictedByDeliveryMethod": false,
          "FooterTag": {
            "TagContent": "<div class=\"productTag-pricedropped\" style=\"\r\nheight:46px;\r\nposition:absolute;\r\ntop:-4px;\r\nleft:0;\r\nwidth:100%;\r\nbackground:white;\r\noutline: 1px solid #c20016;\r\ntext-align:center;\">\r\n\r\n<img src=\"https://cdn0.woolworths.media/content/content/pricedropped-footer-transparent.png\" width=\"204px\" height=\"16px\" alt=\"Price Dropped\" style=\"display:inline-block;margin-top:15px;max-width: 100%;\">\r\n</div>",
            "TagLink": null,
            "FallbackText": null,
            "TagType": "Html",
            "MultibuyData": null
          },
          "IsFooterEnabled": true,
          "Diagnostics": "124",
          "IsBundle": false,
          "IsInFamily": false,
          "ChildProducts": [],
          "UrlOverride": null,
          "AdditionalAttributes": {
            "sapdepartmentname": "FRESH CONVENIENCE",
            "sapdepartmentno": "10",
            "sapcategoryname": "CHEESE EVERYDAY",
            "sapcategoryno": "91",
            "sapsubcategoryname": "CHEESE EVERYDAY",
            "sapsubcategoryno": "871",
            "sapsegmentname": "SLICED NATURAL",
            "sapsegmentno": "17",
            "specialsgroupid": null,
            "PiesProductDepartmentNodeId": "1_6E4F4E4",
            "PiesProductDepartmentsjson": "[{\"Id\":\"1_6E4F4E4\",\"Description\":\"Dairy, Eggs & Fridge\"}]",
            "piesdepartmentnamesjson": "[\"Dairy, Eggs & Fridge\"]",
            "piescategorynamesjson": "[\"Lunch Box\",\"Cheese\"]",
            "piessubcategorynamesjson": "[\"Dairy Cheese\",\"Entertaining Cheese\"]",
            "servingsize-total-nip": null,
            "servingsperpack-total-nip": null,
            "microwaveable": "False",
            "ovencook": "False",
            "vegetarian": "False",
            "freezable": "False",
            "containsnuts": "False",
            "containsgluten": "False",
            "description": "Coon Light'n Tasty special recipe for that great coon taste. It contains Source of Protein, vegetarian friendly, no preservatives. 25% less fat.",
            "ingredients": "Pasteurised Milk, Salt, Starter Cultures, Non- Animal Rennet",
            "nutritionalinformation": "{\"Name\":\"Nutritional Information\",\"Attributes\":[{\"Id\":705,\"Name\":\"Carbohydrate Quantity Per 100g - Total - NIP\",\"Value\":\"<1g\",\"Description\":\"Carbohydrate Quantity Per 100g - Total - NIP\",\"SortOrder\":83},{\"Id\":706,\"Name\":\"Carbohydrate Quantity Per Serve - Total - NIP\",\"Value\":\"<1g\",\"Description\":\"Carbohydrate Quantity Per Serve - Total - NIP\",\"SortOrder\":87},{\"Id\":759,\"Name\":\"Energy kJ Quantity Per 100g - Total - NIP\",\"Value\":\"1400kJ\",\"Description\":\"Energy kJ Quantity Per 100g - Total - NIP\",\"SortOrder\":239},{\"Id\":760,\"Name\":\"Energy kJ Quantity Per Serve - Total - NIP\",\"Value\":\"294kJ\",\"Description\":\"Energy kJ Quantity Per Serve - Total - NIP\",\"SortOrder\":243},{\"Id\":253,\"Name\":\"Fat Saturated Quantity Per 100g - Total - NIP\",\"Value\":\"15.3g\",\"Description\":\"Fat Saturated Quantity Per 100g - Total - NIP\",\"SortOrder\":251},{\"Id\":258,\"Name\":\"Fat Saturated Quantity Per Serve - Total - NIP\",\"Value\":\"3.2g\",\"Description\":\"Fat Saturated Quantity Per Serve - Total - NIP\",\"SortOrder\":255},{\"Id\":764,\"Name\":\"Fat Total Quantity Per 100g - Total - NIP\",\"Value\":\"23.6g\",\"Description\":\"Fat Total Quantity Per 100g - Total - NIP\",\"SortOrder\":263},{\"Id\":264,\"Name\":\"Fat Total Quantity Per Serve - Total - NIP\",\"Value\":\"5.0g\",\"Description\":\"Fat Total Quantity Per Serve - Total - NIP\",\"SortOrder\":267},{\"Id\":878,\"Name\":\"Protein Quantity Per 100g - Total - NIP\",\"Value\":\"30.0g\",\"Description\":\"Protein Quantity Per 100g - Total - NIP\",\"SortOrder\":587},{\"Id\":882,\"Name\":\"Protein Quantity Per Serve - Total - NIP\",\"Value\":\"6.3g\",\"Description\":\"Protein Quantity Per Serve - Total - NIP\",\"SortOrder\":591},{\"Id\":477,\"Name\":\"Serving Size - Total - NIP\",\"Value\":\"21g\",\"Description\":\"Serving Size - Total - NIP\",\"SortOrder\":607},{\"Id\":544,\"Name\":\"Servings Per Pack - Total - NIP\",\"Value\":\"12\",\"Description\":\"Servings Per Pack - Total - NIP\",\"SortOrder\":611},{\"Id\":491,\"Name\":\"Sodium Quantity Per 100g - Total - NIP\",\"Value\":\"720mg\",\"Description\":\"Sodium Quantity Per 100g - Total - NIP\",\"SortOrder\":623},{\"Id\":495,\"Name\":\"Sodium Quantity Per Serve - Total - NIP\",\"Value\":\"151mg\",\"Description\":\"Sodium Quantity Per Serve - Total - NIP\",\"SortOrder\":627},{\"Id\":907,\"Name\":\"Sugars Quantity Per 100g - Prefix - NIP\",\"Value\":\"<\",\"Description\":\"Sugars Quantity Per 100g - Prefix - NIP\",\"SortOrder\":645},{\"Id\":908,\"Name\":\"Sugars Quantity Per 100g - SuffixUnits - NIP\",\"Value\":\"g\",\"Description\":\"Sugars Quantity Per 100g - SuffixUnits - NIP\",\"SortOrder\":646},{\"Id\":909,\"Name\":\"Sugars Quantity Per 100g - Total - NIP\",\"Value\":\"<1g\",\"Description\":\"Sugars Quantity Per 100g - Total - NIP\",\"SortOrder\":647},{\"Id\":910,\"Name\":\"Sugars Quantity Per 100g - ValueWord - NIP\",\"Value\":\"1\",\"Description\":\"Sugars Quantity Per 100g - ValueWord - NIP\",\"SortOrder\":648},{\"Id\":504,\"Name\":\"Sugars Quantity Per Serve - Prefix - NIP\",\"Value\":\"<\",\"Description\":\"Sugars Quantity Per Serve - Prefix - NIP\",\"SortOrder\":649},{\"Id\":911,\"Name\":\"Sugars Quantity Per Serve - SuffixUnits - NIP\",\"Value\":\"g\",\"Description\":\"Sugars Quantity Per Serve - SuffixUnits - NIP\",\"SortOrder\":650},{\"Id\":912,\"Name\":\"Sugars Quantity Per Serve - Total - NIP\",\"Value\":\"<1g\",\"Description\":\"Sugars Quantity Per Serve - Total - NIP\",\"SortOrder\":651},{\"Id\":572,\"Name\":\"Sugars Quantity Per Serve - ValueWord - NIP\",\"Value\":\"1\",\"Description\":\"Sugars Quantity Per Serve - ValueWord - NIP\",\"SortOrder\":652}]}",
            "storageinstructions": "Keep refrigerated Store below 5C",
            "usageinstructions": null,
            "brand": "coon",
            "manufacturer": null,
            "countryoforigin": null,
            "productheightmm": null,
            "productwidthmm": null,
            "productdepthmm": null,
            "wool_productpackaging": null,
            "recyclableinformation": null,
            "importantinformation": null,
            "allergencontains": "Milk",
            "allergenmaybepresent": null,
            "allergystatement": "No Artificial Preservatives",
            "lifestyleanddietarystatement": "Source of Protein",
            "lifestyleclaim": "Halal, Vegetarian",
            "wool_dietaryclaim": "No Preservatives|Low Fat|Source of Protein",
            "boxedcontents": null,
            "suitablefor": null,
            "fragrance": null,
            "colour": null,
            "antioxidant": "False",
            "addedvitaminsandminerals": "False",
            "bpafree": "False",
            "sulfatefree": "False",
            "parabenfree": "False",
            "claims": null,
            "alcoholfree": null,
            "anti-dandruff": null,
            "dermatologicallyapproved": null,
            "dermatologistrecommended": null,
            "dermatologisttested": null,
            "fragrance-free": null,
            "haircolour": null,
            "hairtype": null,
            "hypo-allergenic": null,
            "non-comedogenic": null,
            "oilfree": null,
            "ophthalmologistapproved": null,
            "ophthalmologisttested": null,
            "paba-free": null,
            "skincondition": null,
            "skintype": null,
            "soap-free": null,
            "spf": null,
            "sweatresistant": null,
            "timer": null,
            "waterresistant": null,
            "phbalanced": null,
            "antiseptic": "False",
            "antibacterial": "False",
            "activeconstituents": null,
            "contains": null,
            "microwavesafe": "False",
            "productimagecount": "1",
            "friendlydisclaimer": null,
            "productimages": "187890.jpg",
            "healthstarrating": "0",
            "tgawarnings": null,
            "vendorarticleid": null,
            "vendorcostprice": null,
            "tgawarning": null,
            "PiesProductB2bDepartmentNodeId": "14_BADBC9B",
            "PiesProductB2bDepartmentsjson": "[{\"Id\":\"14_BADBC9B\",\"Description\":\"Fridge\"}]",
            "piesb2bdepartmentnamesjson": "[\"Fridge\"]",
            "piesb2bcategorynamesjson": "[\"Cheese, Butter & Margarine\",\"Special Dietary\"]",
            "piesb2bsubcategorynamesjson": "[\"Sliced Cheese\",\"Entertaining Cheese\",\"Dairy & Lactose Free Cheese\"]"
          },
          "DetailsImagePaths": [
            "https://cdn0.woolworths.media/content/wowproductimages/large/187890.jpg"
          ],
          "Variety": "Tasty Light",
          "Rating": null,
          "HasProductSubs": false,
          "IsSponsoredAd": false,
          "AdID": null,
          "AdIndex": null,
          "ThirdPartyProductInfo": null,
          "MarketFeatures": null,
          "MarketSpecifications": null
        }
      ],
      "Name": "Coon Cheese Slices Tasty Light"
    },
    {
      "Products": [
        {
          "TileID": 0,
          "Stockcode": 187899,
          "Barcode": "9310199068622",
          "GtinFormat": 13,
          "CupPrice": 13.33,
          "InstoreCupPrice": 13.33,
          "CupMeasure": "1KG",
          "CupString": "$13.33 / 1KG",
          "InstoreCupString": "$13.33 / 1KG",
          "HasCupPrice": true,
          "InstoreHasCupPrice": true,
          "Price": 10,
          "InstorePrice": 10,
          "Name": "Coon Cheese Slices Tasty",
          "UrlFriendlyName": "coon-cheese-slices-tasty",
          "Description": " Coon Cheese Slices Tasty 750g",
          "SmallImageFile": "https://cdn0.woolworths.media/content/wowproductimages/small/187899.jpg",
          "MediumImageFile": "https://cdn0.woolworths.media/content/wowproductimages/medium/187899.jpg",
          "LargeImageFile": "https://cdn0.woolworths.media/content/wowproductimages/large/187899.jpg",
          "IsNew": false,
          "IsOnSpecial": false,
          "InstoreIsOnSpecial": false,
          "IsEdrSpecial": false,
          "SavingsAmount": 0,
          "InstoreSavingsAmount": 0,
          "WasPrice": 10,
          "InstoreWasPrice": 10,
          "QuantityInTrolley": 0,
          "Unit": "Each",
          "MinimumQuantity": 1,
          "HasBeenBoughtBefore": false,
          "IsInTrolley": false,
          "Source": "Aisle.DairyEggsFridge",
          "SupplyLimit": 36,
          "IsRanged": false,
          "IsInStock": true,
          "PackageSize": "750g",
          "IsPmDelivery": true,
          "IsForCollection": true,
          "IsForDelivery": true,
          "IsForExpress": false,
          "ProductRestrictionMessage": null,
          "ProductWarningMessage": null,
          "CentreTag": {
            "TagContent": "<span style=\"COLOR: #e2001a\"> Was $12.00 07/07/2020</span>",
            "TagLink": null,
            "FallbackText": null,
            "TagType": "Html",
            "MultibuyData": null
          },
          "IsCentreTag": true,
          "ImageTag": {
            "TagContent": null,
            "TagLink": null,
            "FallbackText": "",
            "TagType": "None",
            "MultibuyData": null
          },
          "HeaderTag": {
            "BackgroundColor": "#fff",
            "BorderColor": "#c20016",
            "TextColor": "#c20016",
            "Content": "<span class=\"u-semibold\">Prices dropped</span>",
            "TagLink": null,
            "Promotion": "PriceDropped"
          },
          "HasHeaderTag": true,
          "UnitWeightInGrams": 804,
          "SupplyLimitMessage": "'Coon Cheese Slices Tasty' has a supply limit of 36. The quantity in your cart has been reduced accordingly. To purchase a larger quantity, please contact us on 1800 000 610. Please note we do not supply trade orders.",
          "SmallFormatDescription": "Coon Cheese Slices Tasty",
          "FullDescription": "Coon Cheese Slices Tasty",
          "IsAvailable": true,
          "InstoreIsAvailable": true,
          "IsPurchasable": true,
          "InstoreIsPurchasable": true,
          "AgeRestricted": false,
          "DisplayQuantity": 1,
          "RichDescription": "Coon Tasty Natural Cheese Slices is a special recipe for that great Coon taste.",
          "IsDeliveryPass": false,
          "HideWasSavedPrice": false,
          "SapCategories": null,
          "Brand": "Coon",
          "IsRestrictedByDeliveryMethod": false,
          "FooterTag": {
            "TagContent": "<div class=\"productTag-pricedropped\" style=\"\r\nheight:46px;\r\nposition:absolute;\r\ntop:-4px;\r\nleft:0;\r\nwidth:100%;\r\nbackground:white;\r\noutline: 1px solid #c20016;\r\ntext-align:center;\">\r\n\r\n<img src=\"https://cdn0.woolworths.media/content/content/pricedropped-footer-transparent.png\" width=\"204px\" height=\"16px\" alt=\"Price Dropped\" style=\"display:inline-block;margin-top:15px;max-width: 100%;\">\r\n</div>",
            "TagLink": null,
            "FallbackText": null,
            "TagType": "Html",
            "MultibuyData": null
          },
          "IsFooterEnabled": true,
          "Diagnostics": "125",
          "IsBundle": false,
          "IsInFamily": false,
          "ChildProducts": [],
          "UrlOverride": null,
          "AdditionalAttributes": {
            "sapdepartmentname": "FRESH CONVENIENCE",
            "sapdepartmentno": "10",
            "sapcategoryname": "CHEESE EVERYDAY",
            "sapcategoryno": "91",
            "sapsubcategoryname": "CHEESE EVERYDAY",
            "sapsubcategoryno": "871",
            "sapsegmentname": "SLICED NATURAL",
            "sapsegmentno": "17",
            "specialsgroupid": null,
            "PiesProductDepartmentNodeId": "1_6E4F4E4",
            "PiesProductDepartmentsjson": "[{\"Id\":\"1_6E4F4E4\",\"Description\":\"Dairy, Eggs & Fridge\"}]",
            "piesdepartmentnamesjson": "[\"Dairy, Eggs & Fridge\"]",
            "piescategorynamesjson": "[\"Cheese\",\"Lunch Box\"]",
            "piessubcategorynamesjson": "[\"Dairy Cheese\",\"Entertaining Cheese\"]",
            "servingsize-total-nip": null,
            "servingsperpack-total-nip": null,
            "microwaveable": "False",
            "ovencook": "False",
            "vegetarian": "False",
            "freezable": "False",
            "containsnuts": "False",
            "containsgluten": "False",
            "description": "Coon Tasty Natural Cheese Slices is a special recipe for that great Coon taste.",
            "ingredients": "Pasteurised Milk, Salt, Starter Cultures, Non-Animal Enzymes",
            "nutritionalinformation": "{\"Name\":\"Nutritional Information\",\"Attributes\":[{\"Id\":705,\"Name\":\"Carbohydrate Quantity Per 100g - Total - NIP\",\"Value\":\"<1g\",\"Description\":\"Carbohydrate Quantity Per 100g - Total - NIP\",\"SortOrder\":83},{\"Id\":706,\"Name\":\"Carbohydrate Quantity Per Serve - Total - NIP\",\"Value\":\"<1g\",\"Description\":\"Carbohydrate Quantity Per Serve - Total - NIP\",\"SortOrder\":87},{\"Id\":759,\"Name\":\"Energy kJ Quantity Per 100g - Total - NIP\",\"Value\":\"1690kJ\",\"Description\":\"Energy kJ Quantity Per 100g - Total - NIP\",\"SortOrder\":239},{\"Id\":760,\"Name\":\"Energy kJ Quantity Per Serve - Total - NIP\",\"Value\":\"355kJ\",\"Description\":\"Energy kJ Quantity Per Serve - Total - NIP\",\"SortOrder\":243},{\"Id\":253,\"Name\":\"Fat Saturated Quantity Per 100g - Total - NIP\",\"Value\":\"21.6g\",\"Description\":\"Fat Saturated Quantity Per 100g - Total - NIP\",\"SortOrder\":251},{\"Id\":258,\"Name\":\"Fat Saturated Quantity Per Serve - Total - NIP\",\"Value\":\"4.5g\",\"Description\":\"Fat Saturated Quantity Per Serve - Total - NIP\",\"SortOrder\":255},{\"Id\":764,\"Name\":\"Fat Total Quantity Per 100g - Total - NIP\",\"Value\":\"33.3\",\"Description\":\"Fat Total Quantity Per 100g - Total - NIP\",\"SortOrder\":263},{\"Id\":264,\"Name\":\"Fat Total Quantity Per Serve - Total - NIP\",\"Value\":\"7.0g\",\"Description\":\"Fat Total Quantity Per Serve - Total - NIP\",\"SortOrder\":267},{\"Id\":878,\"Name\":\"Protein Quantity Per 100g - Total - NIP\",\"Value\":\"25.8g\",\"Description\":\"Protein Quantity Per 100g - Total - NIP\",\"SortOrder\":587},{\"Id\":882,\"Name\":\"Protein Quantity Per Serve - Total - NIP\",\"Value\":\"5.4g\",\"Description\":\"Protein Quantity Per Serve - Total - NIP\",\"SortOrder\":591},{\"Id\":477,\"Name\":\"Serving Size - Total - NIP\",\"Value\":\"21g\",\"Description\":\"Serving Size - Total - NIP\",\"SortOrder\":607},{\"Id\":544,\"Name\":\"Servings Per Pack - Total - NIP\",\"Value\":\"12\",\"Description\":\"Servings Per Pack - Total - NIP\",\"SortOrder\":611},{\"Id\":491,\"Name\":\"Sodium Quantity Per 100g - Total - NIP\",\"Value\":\"750mg\",\"Description\":\"Sodium Quantity Per 100g - Total - NIP\",\"SortOrder\":623},{\"Id\":495,\"Name\":\"Sodium Quantity Per Serve - Total - NIP\",\"Value\":\"158mg\",\"Description\":\"Sodium Quantity Per Serve - Total - NIP\",\"SortOrder\":627},{\"Id\":907,\"Name\":\"Sugars Quantity Per 100g - Prefix - NIP\",\"Value\":\"<\",\"Description\":\"Sugars Quantity Per 100g - Prefix - NIP\",\"SortOrder\":645},{\"Id\":908,\"Name\":\"Sugars Quantity Per 100g - SuffixUnits - NIP\",\"Value\":\"g\",\"Description\":\"Sugars Quantity Per 100g - SuffixUnits - NIP\",\"SortOrder\":646},{\"Id\":909,\"Name\":\"Sugars Quantity Per 100g - Total - NIP\",\"Value\":\"<1g\",\"Description\":\"Sugars Quantity Per 100g - Total - NIP\",\"SortOrder\":647},{\"Id\":910,\"Name\":\"Sugars Quantity Per 100g - ValueWord - NIP\",\"Value\":\"1\",\"Description\":\"Sugars Quantity Per 100g - ValueWord - NIP\",\"SortOrder\":648},{\"Id\":504,\"Name\":\"Sugars Quantity Per Serve - Prefix - NIP\",\"Value\":\"<\",\"Description\":\"Sugars Quantity Per Serve - Prefix - NIP\",\"SortOrder\":649},{\"Id\":911,\"Name\":\"Sugars Quantity Per Serve - SuffixUnits - NIP\",\"Value\":\"g\",\"Description\":\"Sugars Quantity Per Serve - SuffixUnits - NIP\",\"SortOrder\":650},{\"Id\":912,\"Name\":\"Sugars Quantity Per Serve - Total - NIP\",\"Value\":\"<1g\",\"Description\":\"Sugars Quantity Per Serve - Total - NIP\",\"SortOrder\":651},{\"Id\":572,\"Name\":\"Sugars Quantity Per Serve - ValueWord - NIP\",\"Value\":\"1\",\"Description\":\"Sugars Quantity Per Serve - ValueWord - NIP\",\"SortOrder\":652}]}",
            "storageinstructions": "Keep Refrigerated",
            "usageinstructions": null,
            "brand": "coon",
            "manufacturer": null,
            "countryoforigin": null,
            "productheightmm": null,
            "productwidthmm": null,
            "productdepthmm": null,
            "wool_productpackaging": null,
            "recyclableinformation": null,
            "importantinformation": null,
            "allergencontains": "Milk",
            "allergenmaybepresent": null,
            "allergystatement": "Wheat Free",
            "lifestyleanddietarystatement": "Source of Protein",
            "lifestyleclaim": "Halal",
            "wool_dietaryclaim": null,
            "boxedcontents": null,
            "suitablefor": null,
            "fragrance": null,
            "colour": null,
            "antioxidant": "False",
            "addedvitaminsandminerals": "False",
            "bpafree": "False",
            "sulfatefree": "False",
            "parabenfree": "False",
            "claims": null,
            "alcoholfree": null,
            "anti-dandruff": null,
            "dermatologicallyapproved": null,
            "dermatologistrecommended": null,
            "dermatologisttested": null,
            "fragrance-free": null,
            "haircolour": null,
            "hairtype": null,
            "hypo-allergenic": null,
            "non-comedogenic": null,
            "oilfree": null,
            "ophthalmologistapproved": null,
            "ophthalmologisttested": null,
            "paba-free": null,
            "skincondition": null,
            "skintype": null,
            "soap-free": null,
            "spf": null,
            "sweatresistant": null,
            "timer": null,
            "waterresistant": null,
            "phbalanced": null,
            "antiseptic": "False",
            "antibacterial": "False",
            "activeconstituents": null,
            "contains": null,
            "microwavesafe": "False",
            "productimagecount": "1",
            "friendlydisclaimer": null,
            "productimages": "187899.jpg",
            "healthstarrating": "0",
            "tgawarnings": null,
            "vendorarticleid": null,
            "vendorcostprice": null,
            "tgawarning": null,
            "PiesProductB2bDepartmentNodeId": "14_BADBC9B",
            "PiesProductB2bDepartmentsjson": "[{\"Id\":\"14_BADBC9B\",\"Description\":\"Fridge\"}]",
            "piesb2bdepartmentnamesjson": "[\"Fridge\"]",
            "piesb2bcategorynamesjson": "[\"Cheese, Butter & Margarine\",\"Special Dietary\"]",
            "piesb2bsubcategorynamesjson": "[\"Sliced Cheese\",\"Entertaining Cheese\",\"Dairy & Lactose Free Cheese\"]"
          },
          "DetailsImagePaths": [
            "https://cdn0.woolworths.media/content/wowproductimages/large/187899.jpg"
          ],
          "Variety": "Tasty",
          "Rating": null,
          "HasProductSubs": false,
          "IsSponsoredAd": false,
          "AdID": null,
          "AdIndex": null,
          "ThirdPartyProductInfo": null,
          "MarketFeatures": null,
          "MarketSpecifications": null
        }
      ],
      "Name": "Coon Cheese Slices Tasty"
    },
    {
      "Products": [
        {
          "TileID": 0,
          "Stockcode": 279766,
          "Barcode": "9310354980202",
          "GtinFormat": 13,
          "CupPrice": 0.5,
          "InstoreCupPrice": 0.5,
          "CupMeasure": "100G",
          "CupString": "$0.50 / 100G",
          "InstoreCupString": "$0.50 / 100G",
          "HasCupPrice": true,
          "InstoreHasCupPrice": true,
          "Price": 10,
          "InstorePrice": 10,
          "Name": "Jalna Greek Yoghurt",
          "UrlFriendlyName": "jalna-greek-yoghurt",
          "Description": " Jalna Greek Yoghurt  2kg",
          "SmallImageFile": "https://cdn0.woolworths.media/content/wowproductimages/small/279766.jpg",
          "MediumImageFile": "https://cdn0.woolworths.media/content/wowproductimages/medium/279766.jpg",
          "LargeImageFile": "https://cdn0.woolworths.media/content/wowproductimages/large/279766.jpg",
          "IsNew": false,
          "IsOnSpecial": true,
          "InstoreIsOnSpecial": true,
          "IsEdrSpecial": false,
          "SavingsAmount": 1.95,
          "InstoreSavingsAmount": 1.95,
          "WasPrice": 11.95,
          "InstoreWasPrice": 11.95,
          "QuantityInTrolley": 0,
          "Unit": "Each",
          "MinimumQuantity": 1,
          "HasBeenBoughtBefore": false,
          "IsInTrolley": false,
          "Source": "Aisle.DairyEggsFridge",
          "SupplyLimit": 36,
          "IsRanged": false,
          "IsInStock": true,
          "PackageSize": "2kg",
          "IsPmDelivery": true,
          "IsForCollection": true,
          "IsForDelivery": true,
          "IsForExpress": false,
          "ProductRestrictionMessage": null,
          "ProductWarningMessage": null,
          "CentreTag": {
            "TagContent": null,
            "TagLink": null,
            "FallbackText": null,
            "TagType": "None",
            "MultibuyData": null
          },
          "IsCentreTag": false,
          "ImageTag": {
            "TagContent": "/content/promotiontags/roundel-special-200x200.png",
            "TagLink": "",
            "FallbackText": "On Special",
            "TagType": "None",
            "MultibuyData": null
          },
          "HeaderTag": {
            "BackgroundColor": "#fd0",
            "BorderColor": "#fd0",
            "TextColor": "#000",
            "Content": "Save $1.95",
            "TagLink": null,
            "Promotion": "Special"
          },
          "HasHeaderTag": true,
          "UnitWeightInGrams": 2120,
          "SupplyLimitMessage": "'Jalna Greek Yoghurt' has a supply limit of 36. The quantity in your cart has been reduced accordingly. To purchase a larger quantity, please contact us on 1800 000 610. Please note we do not supply trade orders.",
          "SmallFormatDescription": "Jalna Greek Yoghurt ",
          "FullDescription": "Jalna Greek Yoghurt ",
          "IsAvailable": true,
          "InstoreIsAvailable": true,
          "IsPurchasable": true,
          "InstoreIsPurchasable": true,
          "AgeRestricted": false,
          "DisplayQuantity": 1,
          "RichDescription": "aBc probiotics\na = acidophilus\nB = Bifidus\nc = casei",
          "IsDeliveryPass": false,
          "HideWasSavedPrice": false,
          "SapCategories": null,
          "Brand": "jalna",
          "IsRestrictedByDeliveryMethod": false,
          "FooterTag": {
            "TagContent": null,
            "TagLink": null,
            "FallbackText": null,
            "TagType": "None",
            "MultibuyData": null
          },
          "IsFooterEnabled": true,
          "Diagnostics": "126",
          "IsBundle": false,
          "IsInFamily": false,
          "ChildProducts": [],
          "UrlOverride": null,
          "AdditionalAttributes": {
            "sapdepartmentname": "FRESH CONVENIENCE",
            "sapdepartmentno": "10",
            "sapcategoryname": "DAIRY - YOGHURT",
            "sapcategoryno": "94",
            "sapsubcategoryname": "DAIRY - YOGHURT MULTI SERVE",
            "sapsubcategoryno": "877",
            "sapsegmentname": "GREEK/NATURAL",
            "sapsegmentno": "3",
            "specialsgroupid": null,
            "PiesProductDepartmentNodeId": "1_6E4F4E4",
            "PiesProductDepartmentsjson": "[{\"Id\":\"1_6E4F4E4\",\"Description\":\"Dairy, Eggs & Fridge\"}]",
            "piesdepartmentnamesjson": "[\"Dairy, Eggs & Fridge\"]",
            "piescategorynamesjson": "[\"Yoghurt\"]",
            "piessubcategorynamesjson": "[\"Low & No Fat Yoghurt\",\"Greek & Natural Yoghurt\"]",
            "servingsize-total-nip": null,
            "servingsperpack-total-nip": null,
            "microwaveable": "False",
            "ovencook": "False",
            "vegetarian": "False",
            "freezable": "False",
            "containsnuts": "False",
            "containsgluten": "False",
            "description": "aBc probiotics\na = acidophilus\nB = Bifidus\nc = casei",
            "ingredients": "Pasteurised Whole Milk, Cream, aBc Probiotics (Lactobacillus Acidophilus, Bifidobacterium Lactis & Lactobacillus Casei >1 Billion Probiotic Count Per 100g)",
            "nutritionalinformation": "{\"Name\":\"Nutritional Information\",\"Attributes\":[{\"Id\":705,\"Name\":\"Carbohydrate Quantity Per 100g - Total - NIP\",\"Value\":\"Approx.6.1g\",\"Description\":\"Carbohydrate Quantity Per 100g - Total - NIP\",\"SortOrder\":83},{\"Id\":706,\"Name\":\"Carbohydrate Quantity Per Serve - Total - NIP\",\"Value\":\"Approx.6.1g\",\"Description\":\"Carbohydrate Quantity Per Serve - Total - NIP\",\"SortOrder\":87},{\"Id\":759,\"Name\":\"Energy kJ Quantity Per 100g - Total - NIP\",\"Value\":\"Approx.540kJ\",\"Description\":\"Energy kJ Quantity Per 100g - Total - NIP\",\"SortOrder\":239},{\"Id\":760,\"Name\":\"Energy kJ Quantity Per Serve - Total - NIP\",\"Value\":\"Approx.540kJ\",\"Description\":\"Energy kJ Quantity Per Serve - Total - NIP\",\"SortOrder\":243},{\"Id\":253,\"Name\":\"Fat Saturated Quantity Per 100g - Total - NIP\",\"Value\":\"Approx.7.1g\",\"Description\":\"Fat Saturated Quantity Per 100g - Total - NIP\",\"SortOrder\":251},{\"Id\":258,\"Name\":\"Fat Saturated Quantity Per Serve - Total - NIP\",\"Value\":\"Approx.7.1g\",\"Description\":\"Fat Saturated Quantity Per Serve - Total - NIP\",\"SortOrder\":255},{\"Id\":764,\"Name\":\"Fat Total Quantity Per 100g - Total - NIP\",\"Value\":\"Approx.10g\",\"Description\":\"Fat Total Quantity Per 100g - Total - NIP\",\"SortOrder\":263},{\"Id\":264,\"Name\":\"Fat Total Quantity Per Serve - Total - NIP\",\"Value\":\"Approx.10g\",\"Description\":\"Fat Total Quantity Per Serve - Total - NIP\",\"SortOrder\":267},{\"Id\":878,\"Name\":\"Protein Quantity Per 100g - Total - NIP\",\"Value\":\"Approx.3.8g\",\"Description\":\"Protein Quantity Per 100g - Total - NIP\",\"SortOrder\":587},{\"Id\":882,\"Name\":\"Protein Quantity Per Serve - Total - NIP\",\"Value\":\"Approx.3.8g\",\"Description\":\"Protein Quantity Per Serve - Total - NIP\",\"SortOrder\":591},{\"Id\":477,\"Name\":\"Serving Size - Total - NIP\",\"Value\":\"100g\",\"Description\":\"Serving Size - Total - NIP\",\"SortOrder\":607},{\"Id\":544,\"Name\":\"Servings Per Pack - Total - NIP\",\"Value\":\"20\",\"Description\":\"Servings Per Pack - Total - NIP\",\"SortOrder\":611},{\"Id\":491,\"Name\":\"Sodium Quantity Per 100g - Total - NIP\",\"Value\":\"Approx.78mg\",\"Description\":\"Sodium Quantity Per 100g - Total - NIP\",\"SortOrder\":623},{\"Id\":495,\"Name\":\"Sodium Quantity Per Serve - Total - NIP\",\"Value\":\"Approx.78mg\",\"Description\":\"Sodium Quantity Per Serve - Total - NIP\",\"SortOrder\":627},{\"Id\":907,\"Name\":\"Sugars Quantity Per 100g - Prefix - NIP\",\"Value\":\"Approx. \",\"Description\":\"Sugars Quantity Per 100g - Prefix - NIP\",\"SortOrder\":645},{\"Id\":908,\"Name\":\"Sugars Quantity Per 100g - SuffixUnits - NIP\",\"Value\":\"g\",\"Description\":\"Sugars Quantity Per 100g - SuffixUnits - NIP\",\"SortOrder\":646},{\"Id\":909,\"Name\":\"Sugars Quantity Per 100g - Total - NIP\",\"Value\":\"Approx.4.8g\",\"Description\":\"Sugars Quantity Per 100g - Total - NIP\",\"SortOrder\":647},{\"Id\":910,\"Name\":\"Sugars Quantity Per 100g - ValueWord - NIP\",\"Value\":\"4.8\",\"Description\":\"Sugars Quantity Per 100g - ValueWord - NIP\",\"SortOrder\":648},{\"Id\":504,\"Name\":\"Sugars Quantity Per Serve - Prefix - NIP\",\"Value\":\"Approx. \",\"Description\":\"Sugars Quantity Per Serve - Prefix - NIP\",\"SortOrder\":649},{\"Id\":911,\"Name\":\"Sugars Quantity Per Serve - SuffixUnits - NIP\",\"Value\":\"g\",\"Description\":\"Sugars Quantity Per Serve - SuffixUnits - NIP\",\"SortOrder\":650},{\"Id\":912,\"Name\":\"Sugars Quantity Per Serve - Total - NIP\",\"Value\":\"Approx.4.8g\",\"Description\":\"Sugars Quantity Per Serve - Total - NIP\",\"SortOrder\":651},{\"Id\":572,\"Name\":\"Sugars Quantity Per Serve - ValueWord - NIP\",\"Value\":\"4.8\",\"Description\":\"Sugars Quantity Per Serve - ValueWord - NIP\",\"SortOrder\":652}]}",
            "storageinstructions": "Keep Refrigerated",
            "usageinstructions": null,
            "brand": "jalna",
            "manufacturer": null,
            "countryoforigin": null,
            "productheightmm": null,
            "productwidthmm": null,
            "productdepthmm": null,
            "wool_productpackaging": null,
            "recyclableinformation": null,
            "importantinformation": null,
            "allergencontains": "Milk",
            "allergenmaybepresent": null,
            "allergystatement": "No Artificial Colours or Flavours",
            "lifestyleanddietarystatement": "Source of Calcium",
            "lifestyleclaim": "Free From Gluten",
            "wool_dietaryclaim": "Free From Artificial Colour\rFree From Artificial Flavour\rFree From Artificial Sweeteners\rFree From Gluten\rFree From Preservatives",
            "boxedcontents": null,
            "suitablefor": null,
            "fragrance": null,
            "colour": null,
            "antioxidant": "False",
            "addedvitaminsandminerals": "False",
            "bpafree": "False",
            "sulfatefree": "False",
            "parabenfree": "False",
            "claims": null,
            "alcoholfree": null,
            "anti-dandruff": null,
            "dermatologicallyapproved": null,
            "dermatologistrecommended": null,
            "dermatologisttested": null,
            "fragrance-free": null,
            "haircolour": null,
            "hairtype": null,
            "hypo-allergenic": null,
            "non-comedogenic": null,
            "oilfree": null,
            "ophthalmologistapproved": null,
            "ophthalmologisttested": null,
            "paba-free": null,
            "skincondition": null,
            "skintype": null,
            "soap-free": null,
            "spf": null,
            "sweatresistant": null,
            "timer": null,
            "waterresistant": null,
            "phbalanced": null,
            "antiseptic": "False",
            "antibacterial": "False",
            "activeconstituents": null,
            "contains": null,
            "microwavesafe": "False",
            "productimagecount": "5",
            "friendlydisclaimer": null,
            "productimages": "279766.jpg,279766_1.jpg,279766_2.jpg,279766_3.jpg,279766_5.jpg",
            "healthstarrating": "0",
            "tgawarnings": null,
            "vendorarticleid": null,
            "vendorcostprice": null,
            "tgawarning": null
          },
          "DetailsImagePaths": [
            "https://cdn0.woolworths.media/content/wowproductimages/large/279766.jpg",
            "https://cdn0.woolworths.media/content/wowproductimages/large/279766_1.jpg",
            "https://cdn0.woolworths.media/content/wowproductimages/large/279766_2.jpg",
            "https://cdn0.woolworths.media/content/wowproductimages/large/279766_3.jpg",
            "https://cdn0.woolworths.media/content/wowproductimages/large/279766_5.jpg"
          ],
          "Variety": "",
          "Rating": {
            "ReviewCount": 0,
            "RatingCount": 0,
            "RatingSum": 0,
            "OneStarCount": 0,
            "TwoStarCount": 0,
            "ThreeStarCount": 0,
            "FourStarCount": 0,
            "FiveStarCount": 0,
            "Average": 0,
            "OneStarPercentage": 0,
            "TwoStarPercentage": 0,
            "ThreeStarPercentage": 0,
            "FourStarPercentage": 0,
            "FiveStarPercentage": 0
          },
          "HasProductSubs": false,
          "IsSponsoredAd": false,
          "AdID": null,
          "AdIndex": null,
          "ThirdPartyProductInfo": null,
          "MarketFeatures": null,
          "MarketSpecifications": null
        }
      ],
      "Name": "Jalna Greek Yoghurt"
    },
    {
      "Products": [
        {
          "TileID": 0,
          "Stockcode": 381313,
          "Barcode": "9310052400200",
          "GtinFormat": 13,
          "CupPrice": 13.33,
          "InstoreCupPrice": 13.33,
          "CupMeasure": "1KG",
          "CupString": "$13.33 / 1KG",
          "InstoreCupString": "$13.33 / 1KG",
          "HasCupPrice": true,
          "InstoreHasCupPrice": true,
          "Price": 10,
          "InstorePrice": 10,
          "Name": "Bega Tasty Cheese Block Tasty",
          "UrlFriendlyName": "bega-tasty-cheese-block-tasty",
          "Description": " Bega Tasty Cheese Block<br>Tasty 750g",
          "SmallImageFile": "https://cdn0.woolworths.media/content/wowproductimages/small/381313.jpg",
          "MediumImageFile": "https://cdn0.woolworths.media/content/wowproductimages/medium/381313.jpg",
          "LargeImageFile": "https://cdn0.woolworths.media/content/wowproductimages/large/381313.jpg",
          "IsNew": false,
          "IsOnSpecial": false,
          "InstoreIsOnSpecial": false,
          "IsEdrSpecial": false,
          "SavingsAmount": 0,
          "InstoreSavingsAmount": 0,
          "WasPrice": 10,
          "InstoreWasPrice": 10,
          "QuantityInTrolley": 0,
          "Unit": "Each",
          "MinimumQuantity": 1,
          "HasBeenBoughtBefore": false,
          "IsInTrolley": false,
          "Source": "Aisle.DairyEggsFridge",
          "SupplyLimit": 36,
          "IsRanged": false,
          "IsInStock": true,
          "PackageSize": "750g",
          "IsPmDelivery": true,
          "IsForCollection": true,
          "IsForDelivery": true,
          "IsForExpress": false,
          "ProductRestrictionMessage": null,
          "ProductWarningMessage": null,
          "CentreTag": {
            "TagContent": null,
            "TagLink": null,
            "FallbackText": null,
            "TagType": "None",
            "MultibuyData": null
          },
          "IsCentreTag": false,
          "ImageTag": {
            "TagContent": null,
            "TagLink": null,
            "FallbackText": "",
            "TagType": "None",
            "MultibuyData": null
          },
          "HeaderTag": null,
          "HasHeaderTag": false,
          "UnitWeightInGrams": 760,
          "SupplyLimitMessage": "'Bega Tasty Cheese Block Tasty' has a supply limit of 36. The quantity in your cart has been reduced accordingly. To purchase a larger quantity, please contact us on 1800 000 610. Please note we do not supply trade orders.",
          "SmallFormatDescription": "Bega Tasty Cheese Block Tasty",
          "FullDescription": "Bega Tasty Cheese Block Tasty",
          "IsAvailable": true,
          "InstoreIsAvailable": true,
          "IsPurchasable": true,
          "InstoreIsPurchasable": true,
          "AgeRestricted": false,
          "DisplayQuantity": 1,
          "RichDescription": "Bega Farmer's Tasty Cheese is a source of calcium. <br> What makes Bega... Bega?<br><p>Over 100 years of dairying heritage resulting in the unique Bega taste you know and love.</p><p>100% Natural.</p>",
          "IsDeliveryPass": false,
          "HideWasSavedPrice": false,
          "SapCategories": null,
          "Brand": "bega",
          "IsRestrictedByDeliveryMethod": false,
          "FooterTag": {
            "TagContent": null,
            "TagLink": null,
            "FallbackText": null,
            "TagType": "None",
            "MultibuyData": null
          },
          "IsFooterEnabled": true,
          "Diagnostics": "127",
          "IsBundle": false,
          "IsInFamily": false,
          "ChildProducts": [],
          "UrlOverride": null,
          "AdditionalAttributes": {
            "sapdepartmentname": "FRESH CONVENIENCE",
            "sapdepartmentno": "10",
            "sapcategoryname": "CHEESE EVERYDAY",
            "sapcategoryno": "91",
            "sapsubcategoryname": "CHEESE EVERYDAY",
            "sapsubcategoryno": "871",
            "sapsegmentname": "BLOCK LARGE 700G-1KG",
            "sapsegmentno": "3",
            "specialsgroupid": null,
            "PiesProductDepartmentNodeId": "1_6E4F4E4",
            "PiesProductDepartmentsjson": "[{\"Id\":\"1_6E4F4E4\",\"Description\":\"Dairy, Eggs & Fridge\"}]",
            "piesdepartmentnamesjson": "[\"Dairy, Eggs & Fridge\"]",
            "piescategorynamesjson": "[\"Cheese\"]",
            "piessubcategorynamesjson": "[\"Block Cheese\",\"Cooking Cheese\"]",
            "servingsize-total-nip": null,
            "servingsperpack-total-nip": null,
            "microwaveable": "False",
            "ovencook": "False",
            "vegetarian": "False",
            "freezable": "False",
            "containsnuts": "False",
            "containsgluten": "False",
            "description": "Bega Farmer's Tasty Cheese is a source of calcium. <br> What makes Bega... Bega?<br><p>Over 100 years of dairying heritage resulting in the unique Bega taste you know and love.</p><p>100% Natural.</p>",
            "ingredients": "Milk, Salt, Cultures, Enzyme (Non-Animal Rennet).",
            "nutritionalinformation": "{\"Name\":\"Nutritional Information\",\"Attributes\":[{\"Id\":705,\"Name\":\"Carbohydrate Quantity Per 100g - Total - NIP\",\"Value\":\"<1g\",\"Description\":\"Carbohydrate Quantity Per 100g - Total - NIP\",\"SortOrder\":83},{\"Id\":706,\"Name\":\"Carbohydrate Quantity Per Serve - Total - NIP\",\"Value\":\"<1g\",\"Description\":\"Carbohydrate Quantity Per Serve - Total - NIP\",\"SortOrder\":87},{\"Id\":759,\"Name\":\"Energy kJ Quantity Per 100g - Total - NIP\",\"Value\":\"1720kJ\",\"Description\":\"Energy kJ Quantity Per 100g - Total - NIP\",\"SortOrder\":239},{\"Id\":760,\"Name\":\"Energy kJ Quantity Per Serve - Total - NIP\",\"Value\":\"430kJ\",\"Description\":\"Energy kJ Quantity Per Serve - Total - NIP\",\"SortOrder\":243},{\"Id\":253,\"Name\":\"Fat Saturated Quantity Per 100g - Total - NIP\",\"Value\":\"21.3g\",\"Description\":\"Fat Saturated Quantity Per 100g - Total - NIP\",\"SortOrder\":251},{\"Id\":258,\"Name\":\"Fat Saturated Quantity Per Serve - Total - NIP\",\"Value\":\"5.3g\",\"Description\":\"Fat Saturated Quantity Per Serve - Total - NIP\",\"SortOrder\":255},{\"Id\":764,\"Name\":\"Fat Total Quantity Per 100g - Total - NIP\",\"Value\":\"35.3g\",\"Description\":\"Fat Total Quantity Per 100g - Total - NIP\",\"SortOrder\":263},{\"Id\":264,\"Name\":\"Fat Total Quantity Per Serve - Total - NIP\",\"Value\":\"8.8g\",\"Description\":\"Fat Total Quantity Per Serve - Total - NIP\",\"SortOrder\":267},{\"Id\":878,\"Name\":\"Protein Quantity Per 100g - Total - NIP\",\"Value\":\"24.2g\",\"Description\":\"Protein Quantity Per 100g - Total - NIP\",\"SortOrder\":587},{\"Id\":882,\"Name\":\"Protein Quantity Per Serve - Total - NIP\",\"Value\":\"6.1g\",\"Description\":\"Protein Quantity Per Serve - Total - NIP\",\"SortOrder\":591},{\"Id\":477,\"Name\":\"Serving Size - Total - NIP\",\"Value\":\"25g\",\"Description\":\"Serving Size - Total - NIP\",\"SortOrder\":607},{\"Id\":544,\"Name\":\"Servings Per Pack - Total - NIP\",\"Value\":\"30\",\"Description\":\"Servings Per Pack - Total - NIP\",\"SortOrder\":611},{\"Id\":491,\"Name\":\"Sodium Quantity Per 100g - Total - NIP\",\"Value\":\"720mg\",\"Description\":\"Sodium Quantity Per 100g - Total - NIP\",\"SortOrder\":623},{\"Id\":495,\"Name\":\"Sodium Quantity Per Serve - Total - NIP\",\"Value\":\"180mg\",\"Description\":\"Sodium Quantity Per Serve - Total - NIP\",\"SortOrder\":627},{\"Id\":907,\"Name\":\"Sugars Quantity Per 100g - Prefix - NIP\",\"Value\":\"<\",\"Description\":\"Sugars Quantity Per 100g - Prefix - NIP\",\"SortOrder\":645},{\"Id\":908,\"Name\":\"Sugars Quantity Per 100g - SuffixUnits - NIP\",\"Value\":\"g\",\"Description\":\"Sugars Quantity Per 100g - SuffixUnits - NIP\",\"SortOrder\":646},{\"Id\":909,\"Name\":\"Sugars Quantity Per 100g - Total - NIP\",\"Value\":\"<1g\",\"Description\":\"Sugars Quantity Per 100g - Total - NIP\",\"SortOrder\":647},{\"Id\":910,\"Name\":\"Sugars Quantity Per 100g - ValueWord - NIP\",\"Value\":\"1\",\"Description\":\"Sugars Quantity Per 100g - ValueWord - NIP\",\"SortOrder\":648},{\"Id\":504,\"Name\":\"Sugars Quantity Per Serve - Prefix - NIP\",\"Value\":\"<\",\"Description\":\"Sugars Quantity Per Serve - Prefix - NIP\",\"SortOrder\":649},{\"Id\":911,\"Name\":\"Sugars Quantity Per Serve - SuffixUnits - NIP\",\"Value\":\"g\",\"Description\":\"Sugars Quantity Per Serve - SuffixUnits - NIP\",\"SortOrder\":650},{\"Id\":912,\"Name\":\"Sugars Quantity Per Serve - Total - NIP\",\"Value\":\"<1g\",\"Description\":\"Sugars Quantity Per Serve - Total - NIP\",\"SortOrder\":651},{\"Id\":572,\"Name\":\"Sugars Quantity Per Serve - ValueWord - NIP\",\"Value\":\"1\",\"Description\":\"Sugars Quantity Per Serve - ValueWord - NIP\",\"SortOrder\":652}]}",
            "storageinstructions": "Keep refrigerated at or below 4°C.",
            "usageinstructions": null,
            "brand": "bega",
            "manufacturer": null,
            "countryoforigin": null,
            "productheightmm": null,
            "productwidthmm": null,
            "productdepthmm": null,
            "wool_productpackaging": null,
            "recyclableinformation": null,
            "importantinformation": null,
            "allergencontains": "Milk",
            "allergenmaybepresent": null,
            "allergystatement": "Egg Free",
            "lifestyleanddietarystatement": "Source of Protein",
            "lifestyleclaim": null,
            "wool_dietaryclaim": null,
            "boxedcontents": null,
            "suitablefor": "Vegetarian",
            "fragrance": null,
            "colour": null,
            "antioxidant": "False",
            "addedvitaminsandminerals": "False",
            "bpafree": "False",
            "sulfatefree": "False",
            "parabenfree": "False",
            "claims": null,
            "alcoholfree": null,
            "anti-dandruff": null,
            "dermatologicallyapproved": null,
            "dermatologistrecommended": null,
            "dermatologisttested": null,
            "fragrance-free": null,
            "haircolour": null,
            "hairtype": null,
            "hypo-allergenic": null,
            "non-comedogenic": null,
            "oilfree": null,
            "ophthalmologistapproved": null,
            "ophthalmologisttested": null,
            "paba-free": null,
            "skincondition": null,
            "skintype": null,
            "soap-free": null,
            "spf": null,
            "sweatresistant": null,
            "timer": null,
            "waterresistant": null,
            "phbalanced": null,
            "antiseptic": "False",
            "antibacterial": "False",
            "activeconstituents": null,
            "contains": null,
            "microwavesafe": "False",
            "productimagecount": "4",
            "friendlydisclaimer": null,
            "productimages": "381313.jpg,381313_1.jpg,381313_3.jpg,381313_4.jpg",
            "healthstarrating": "0",
            "tgawarnings": null,
            "vendorarticleid": null,
            "vendorcostprice": null,
            "tgawarning": null
          },
          "DetailsImagePaths": [
            "https://cdn0.woolworths.media/content/wowproductimages/large/381313.jpg",
            "https://cdn0.woolworths.media/content/wowproductimages/large/381313_1.jpg",
            "https://cdn0.woolworths.media/content/wowproductimages/large/381313_3.jpg",
            "https://cdn0.woolworths.media/content/wowproductimages/large/381313_4.jpg"
          ],
          "Variety": "tasty",
          "Rating": {
            "ReviewCount": 0,
            "RatingCount": 0,
            "RatingSum": 0,
            "OneStarCount": 0,
            "TwoStarCount": 0,
            "ThreeStarCount": 0,
            "FourStarCount": 0,
            "FiveStarCount": 0,
            "Average": 0,
            "OneStarPercentage": 0,
            "TwoStarPercentage": 0,
            "ThreeStarPercentage": 0,
            "FourStarPercentage": 0,
            "FiveStarPercentage": 0
          },
          "HasProductSubs": false,
          "IsSponsoredAd": false,
          "AdID": null,
          "AdIndex": null,
          "ThirdPartyProductInfo": null,
          "MarketFeatures": null,
          "MarketSpecifications": null
        }
      ],
      "Name": "Bega Tasty Cheese Block Tasty"
    },
    {
      "Products": [
        {
          "TileID": 0,
          "Stockcode": 453306,
          "Barcode": "9300633583699",
          "GtinFormat": 13,
          "CupPrice": 10,
          "InstoreCupPrice": 10,
          "CupMeasure": "1KG",
          "CupString": "$10.00 / 1KG",
          "InstoreCupString": "$10.00 / 1KG",
          "HasCupPrice": true,
          "InstoreHasCupPrice": true,
          "Price": 10,
          "InstorePrice": 10,
          "Name": "Woolworths Sandwich Cheese Slices",
          "UrlFriendlyName": "woolworths-sandwich-cheese-slices",
          "Description": " Woolworths Sandwich Cheese<br>Slices  1KG",
          "SmallImageFile": "https://cdn0.woolworths.media/content/wowproductimages/small/453306.jpg",
          "MediumImageFile": "https://cdn0.woolworths.media/content/wowproductimages/medium/453306.jpg",
          "LargeImageFile": "https://cdn0.woolworths.media/content/wowproductimages/large/453306.jpg",
          "IsNew": false,
          "IsOnSpecial": false,
          "InstoreIsOnSpecial": false,
          "IsEdrSpecial": false,
          "SavingsAmount": 0,
          "InstoreSavingsAmount": 0,
          "WasPrice": 10,
          "InstoreWasPrice": 10,
          "QuantityInTrolley": 0,
          "Unit": "Each",
          "MinimumQuantity": 1,
          "HasBeenBoughtBefore": false,
          "IsInTrolley": false,
          "Source": "Aisle.DairyEggsFridge",
          "SupplyLimit": 36,
          "IsRanged": false,
          "IsInStock": true,
          "PackageSize": "1KG",
          "IsPmDelivery": true,
          "IsForCollection": true,
          "IsForDelivery": true,
          "IsForExpress": false,
          "ProductRestrictionMessage": null,
          "ProductWarningMessage": null,
          "CentreTag": {
            "TagContent": null,
            "TagLink": null,
            "FallbackText": null,
            "TagType": "None",
            "MultibuyData": null
          },
          "IsCentreTag": false,
          "ImageTag": {
            "TagContent": null,
            "TagLink": null,
            "FallbackText": "",
            "TagType": "None",
            "MultibuyData": null
          },
          "HeaderTag": {
            "BackgroundColor": "#c20016",
            "BorderColor": "#c20016",
            "TextColor": "#fff",
            "Content": "Low price <span class=\"u-semibold\">always</span>",
            "TagLink": null,
            "Promotion": "LowPrice"
          },
          "HasHeaderTag": true,
          "UnitWeightInGrams": 1000,
          "SupplyLimitMessage": "'Woolworths Sandwich Cheese Slices' has a supply limit of 36. The quantity in your cart has been reduced accordingly. To purchase a larger quantity, please contact us on 1800 000 610. Please note we do not supply trade orders.",
          "SmallFormatDescription": "Woolworths Sandwich Cheese Slices ",
          "FullDescription": "Woolworths Sandwich Cheese Slices ",
          "IsAvailable": true,
          "InstoreIsAvailable": true,
          "IsPurchasable": true,
          "InstoreIsPurchasable": true,
          "AgeRestricted": false,
          "DisplayQuantity": 1,
          "RichDescription": "<p>- No Artificial Colours, Flavours.</p>",
          "IsDeliveryPass": false,
          "HideWasSavedPrice": false,
          "SapCategories": null,
          "Brand": "Woolworths",
          "IsRestrictedByDeliveryMethod": false,
          "FooterTag": {
            "TagContent": "<div class=\"productTag-lowerpricealways\" style=\"\r\nheight:46px;\r\nposition:absolute;\r\ntop:-2px;\r\nleft:0;\r\nwidth:100%;\r\nbackground:#c20016;\r\ntext-align:center;\r\n\">\r\n<img src=\"https://wowpmediaaae.azureedge.net/content/content/lpa_footer_img2.png\" width=\"166px\" height=\"13px\" alt=\"Lower Price Always\" style=\"display:inline-block; margin-top:15px;\">\r\n</div>\r\n<style>\r\n.cardViewCompact wow-shelf-product:not(.override-global-size) .card:not(.is-smallFormat).shelfProductStamp .productTag-lowerpricealways img{\r\n                max-width: 90%;\r\n}\r\n</style>",
            "TagLink": null,
            "FallbackText": null,
            "TagType": "Html",
            "MultibuyData": null
          },
          "IsFooterEnabled": true,
          "Diagnostics": "128",
          "IsBundle": false,
          "IsInFamily": false,
          "ChildProducts": [],
          "UrlOverride": null,
          "AdditionalAttributes": {
            "sapdepartmentname": "FRESH CONVENIENCE",
            "sapdepartmentno": "10",
            "sapcategoryname": "CHEESE EVERYDAY",
            "sapcategoryno": "91",
            "sapsubcategoryname": "CHEESE EVERYDAY",
            "sapsubcategoryno": "871",
            "sapsegmentname": "SLICED PROCESSED",
            "sapsegmentno": "18",
            "specialsgroupid": null,
            "PiesProductDepartmentNodeId": "1_6E4F4E4",
            "PiesProductDepartmentsjson": "[{\"Id\":\"1_6E4F4E4\",\"Description\":\"Dairy, Eggs & Fridge\"}]",
            "piesdepartmentnamesjson": "[\"Dairy, Eggs & Fridge\"]",
            "piescategorynamesjson": "[\"Lunch Box\",\"Cheese\"]",
            "piessubcategorynamesjson": "[\"Dairy Cheese\",\"Sliced Cheese\"]",
            "servingsize-total-nip": null,
            "servingsperpack-total-nip": null,
            "microwaveable": "False",
            "ovencook": "False",
            "vegetarian": "False",
            "freezable": "False",
            "containsnuts": "False",
            "containsgluten": "False",
            "description": "<p>- No Artificial Colours, Flavours.</p>",
            "ingredients": "Cheese (74%) (Pasteurised Milk, Salt, Starter Culture, Non Animal Rennet), Water, Milk Solids, Emulsifiers (331, 332 Lecithins from Soy), Salt, Acidity Regulators (330, 339), Preservative (Sorbic Acid), Natural Colour (Carotene)",
            "nutritionalinformation": "{\"Name\":\"Nutritional Information\",\"Attributes\":[{\"Id\":705,\"Name\":\"Carbohydrate Quantity Per 100g - Total - NIP\",\"Value\":\"Approx.3.5g\",\"Description\":\"Carbohydrate Quantity Per 100g - Total - NIP\",\"SortOrder\":83},{\"Id\":706,\"Name\":\"Carbohydrate Quantity Per Serve - Total - NIP\",\"Value\":\"<0.5g\",\"Description\":\"Carbohydrate Quantity Per Serve - Total - NIP\",\"SortOrder\":87},{\"Id\":759,\"Name\":\"Energy kJ Quantity Per 100g - Total - NIP\",\"Value\":\"Approx.1420kJ\",\"Description\":\"Energy kJ Quantity Per 100g - Total - NIP\",\"SortOrder\":239},{\"Id\":760,\"Name\":\"Energy kJ Quantity Per Serve - Total - NIP\",\"Value\":\"Approx.170kJ\",\"Description\":\"Energy kJ Quantity Per Serve - Total - NIP\",\"SortOrder\":243},{\"Id\":253,\"Name\":\"Fat Saturated Quantity Per 100g - Total - NIP\",\"Value\":\"Approx.17.9g\",\"Description\":\"Fat Saturated Quantity Per 100g - Total - NIP\",\"SortOrder\":251},{\"Id\":258,\"Name\":\"Fat Saturated Quantity Per Serve - Total - NIP\",\"Value\":\"Approx.2.1g\",\"Description\":\"Fat Saturated Quantity Per Serve - Total - NIP\",\"SortOrder\":255},{\"Id\":764,\"Name\":\"Fat Total Quantity Per 100g - Total - NIP\",\"Value\":\"Approx.27.3g\",\"Description\":\"Fat Total Quantity Per 100g - Total - NIP\",\"SortOrder\":263},{\"Id\":264,\"Name\":\"Fat Total Quantity Per Serve - Total - NIP\",\"Value\":\"Approx.3.3g\",\"Description\":\"Fat Total Quantity Per Serve - Total - NIP\",\"SortOrder\":267},{\"Id\":878,\"Name\":\"Protein Quantity Per 100g - Total - NIP\",\"Value\":\"Approx.20.4g\",\"Description\":\"Protein Quantity Per 100g - Total - NIP\",\"SortOrder\":587},{\"Id\":882,\"Name\":\"Protein Quantity Per Serve - Total - NIP\",\"Value\":\"Approx.2.4g\",\"Description\":\"Protein Quantity Per Serve - Total - NIP\",\"SortOrder\":591},{\"Id\":477,\"Name\":\"Serving Size - Total - NIP\",\"Value\":\"12g\",\"Description\":\"Serving Size - Total - NIP\",\"SortOrder\":607},{\"Id\":544,\"Name\":\"Servings Per Pack - Total - NIP\",\"Value\":\"84\",\"Description\":\"Servings Per Pack - Total - NIP\",\"SortOrder\":611},{\"Id\":491,\"Name\":\"Sodium Quantity Per 100g - Total - NIP\",\"Value\":\"Approx.1160mg\",\"Description\":\"Sodium Quantity Per 100g - Total - NIP\",\"SortOrder\":623},{\"Id\":495,\"Name\":\"Sodium Quantity Per Serve - Total - NIP\",\"Value\":\"Approx.139mg\",\"Description\":\"Sodium Quantity Per Serve - Total - NIP\",\"SortOrder\":627},{\"Id\":907,\"Name\":\"Sugars Quantity Per 100g - Prefix - NIP\",\"Value\":\"Approx.\",\"Description\":\"Sugars Quantity Per 100g - Prefix - NIP\",\"SortOrder\":645},{\"Id\":908,\"Name\":\"Sugars Quantity Per 100g - SuffixUnits - NIP\",\"Value\":\"g\",\"Description\":\"Sugars Quantity Per 100g - SuffixUnits - NIP\",\"SortOrder\":646},{\"Id\":909,\"Name\":\"Sugars Quantity Per 100g - Total - NIP\",\"Value\":\"Approx.1.3g\",\"Description\":\"Sugars Quantity Per 100g - Total - NIP\",\"SortOrder\":647},{\"Id\":910,\"Name\":\"Sugars Quantity Per 100g - ValueWord - NIP\",\"Value\":\"1.3\",\"Description\":\"Sugars Quantity Per 100g - ValueWord - NIP\",\"SortOrder\":648},{\"Id\":504,\"Name\":\"Sugars Quantity Per Serve - Prefix - NIP\",\"Value\":\"<\",\"Description\":\"Sugars Quantity Per Serve - Prefix - NIP\",\"SortOrder\":649},{\"Id\":911,\"Name\":\"Sugars Quantity Per Serve - SuffixUnits - NIP\",\"Value\":\"g\",\"Description\":\"Sugars Quantity Per Serve - SuffixUnits - NIP\",\"SortOrder\":650},{\"Id\":912,\"Name\":\"Sugars Quantity Per Serve - Total - NIP\",\"Value\":\"<0.5g\",\"Description\":\"Sugars Quantity Per Serve - Total - NIP\",\"SortOrder\":651},{\"Id\":572,\"Name\":\"Sugars Quantity Per Serve - ValueWord - NIP\",\"Value\":\"0.5\",\"Description\":\"Sugars Quantity Per Serve - ValueWord - NIP\",\"SortOrder\":652}]}",
            "storageinstructions": "Keep Refrigerated",
            "usageinstructions": null,
            "brand": "woolworths",
            "manufacturer": null,
            "countryoforigin": null,
            "productheightmm": null,
            "productwidthmm": null,
            "productdepthmm": null,
            "wool_productpackaging": null,
            "recyclableinformation": null,
            "importantinformation": null,
            "allergencontains": "Soy, Milk",
            "allergenmaybepresent": null,
            "allergystatement": "No Artificial Colours or Flavours",
            "lifestyleanddietarystatement": "Gluten Free",
            "lifestyleclaim": "Vegetarian",
            "wool_dietaryclaim": "Free From Artificial Colour\rFree From Artificial Flavour",
            "boxedcontents": null,
            "suitablefor": "Vegetarian",
            "fragrance": null,
            "colour": null,
            "antioxidant": "False",
            "addedvitaminsandminerals": "False",
            "bpafree": "False",
            "sulfatefree": "False",
            "parabenfree": "False",
            "claims": null,
            "alcoholfree": null,
            "anti-dandruff": null,
            "dermatologicallyapproved": null,
            "dermatologistrecommended": null,
            "dermatologisttested": null,
            "fragrance-free": null,
            "haircolour": null,
            "hairtype": null,
            "hypo-allergenic": null,
            "non-comedogenic": null,
            "oilfree": null,
            "ophthalmologistapproved": null,
            "ophthalmologisttested": null,
            "paba-free": null,
            "skincondition": null,
            "skintype": null,
            "soap-free": null,
            "spf": null,
            "sweatresistant": null,
            "timer": null,
            "waterresistant": null,
            "phbalanced": null,
            "antiseptic": "False",
            "antibacterial": "False",
            "activeconstituents": null,
            "contains": null,
            "microwavesafe": "False",
            "productimagecount": "2",
            "friendlydisclaimer": null,
            "productimages": "453306.jpg,453306_2.jpg",
            "healthstarrating": "2",
            "tgawarnings": null,
            "vendorarticleid": null,
            "vendorcostprice": null,
            "tgawarning": null,
            "PiesProductB2bDepartmentNodeId": "14_BADBC9B",
            "PiesProductB2bDepartmentsjson": "[{\"Id\":\"14_BADBC9B\",\"Description\":\"Fridge\"}]",
            "piesb2bdepartmentnamesjson": "[\"Fridge\"]",
            "piesb2bcategorynamesjson": "[\"Cheese, Butter & Margarine\"]",
            "piesb2bsubcategorynamesjson": "[\"Sliced Cheese\"]"
          },
          "DetailsImagePaths": [
            "https://cdn0.woolworths.media/content/wowproductimages/large/453306.jpg",
            "https://cdn0.woolworths.media/content/wowproductimages/large/453306_2.jpg"
          ],
          "Variety": "",
          "Rating": null,
          "HasProductSubs": false,
          "IsSponsoredAd": false,
          "AdID": null,
          "AdIndex": null,
          "ThirdPartyProductInfo": null,
          "MarketFeatures": null,
          "MarketSpecifications": null
        }
      ],
      "Name": "Woolworths Sandwich Cheese Slices"
    },
    {
      "Products": [
        {
          "TileID": 0,
          "Stockcode": 574601,
          "Barcode": "9300633635053",
          "GtinFormat": 13,
          "CupPrice": 0.91,
          "InstoreCupPrice": 0.91,
          "CupMeasure": "100G",
          "CupString": "$0.91 / 100G",
          "InstoreCupString": "$0.91 / 100G",
          "HasCupPrice": true,
          "InstoreHasCupPrice": true,
          "Price": 10,
          "InstorePrice": 10,
          "Name": "Woolworths Family Classics Macaroni & Cheese",
          "UrlFriendlyName": "woolworths-family-classics-macaroni-cheese",
          "Description": " Woolworths Family Classics<br>Macaroni & Cheese 1.1kg",
          "SmallImageFile": "https://cdn0.woolworths.media/content/wowproductimages/small/574601.jpg",
          "MediumImageFile": "https://cdn0.woolworths.media/content/wowproductimages/medium/574601.jpg",
          "LargeImageFile": "https://cdn0.woolworths.media/content/wowproductimages/large/574601.jpg",
          "IsNew": false,
          "IsOnSpecial": false,
          "InstoreIsOnSpecial": false,
          "IsEdrSpecial": false,
          "SavingsAmount": 0,
          "InstoreSavingsAmount": 0,
          "WasPrice": 10,
          "InstoreWasPrice": 10,
          "QuantityInTrolley": 0,
          "Unit": "Each",
          "MinimumQuantity": 1,
          "HasBeenBoughtBefore": false,
          "IsInTrolley": false,
          "Source": "Aisle.DairyEggsFridge",
          "SupplyLimit": 36,
          "IsRanged": false,
          "IsInStock": true,
          "PackageSize": "1.1kg",
          "IsPmDelivery": true,
          "IsForCollection": true,
          "IsForDelivery": true,
          "IsForExpress": false,
          "ProductRestrictionMessage": null,
          "ProductWarningMessage": null,
          "CentreTag": {
            "TagContent": "<span style=\"COLOR: #e2001a\"> Was $12.00 01/05/2018</span>",
            "TagLink": null,
            "FallbackText": null,
            "TagType": "Html",
            "MultibuyData": null
          },
          "IsCentreTag": true,
          "ImageTag": {
            "TagContent": null,
            "TagLink": null,
            "FallbackText": "",
            "TagType": "None",
            "MultibuyData": null
          },
          "HeaderTag": {
            "BackgroundColor": "#fff",
            "BorderColor": "#c20016",
            "TextColor": "#c20016",
            "Content": "<span class=\"u-semibold\">Prices dropped</span>",
            "TagLink": null,
            "Promotion": "PriceDropped"
          },
          "HasHeaderTag": true,
          "UnitWeightInGrams": 1100,
          "SupplyLimitMessage": "'Woolworths Family Classics Macaroni & Cheese' has a supply limit of 36. The quantity in your cart has been reduced accordingly. To purchase a larger quantity, please contact us on 1800 000 610. Please note we do not supply trade orders.",
          "SmallFormatDescription": "Woolworths Family Classics Macaroni & Cheese",
          "FullDescription": "Woolworths Family Classics Macaroni & Cheese",
          "IsAvailable": true,
          "InstoreIsAvailable": true,
          "IsPurchasable": true,
          "InstoreIsPurchasable": true,
          "AgeRestricted": false,
          "DisplayQuantity": 1,
          "RichDescription": "Who wouldn't love the classic flavours of macaroni and cheese! This one is baked with a generous portion of tasty cheese and finished with a golden parmesan crumb topping",
          "IsDeliveryPass": false,
          "HideWasSavedPrice": false,
          "SapCategories": null,
          "Brand": "woolworths",
          "IsRestrictedByDeliveryMethod": false,
          "FooterTag": {
            "TagContent": "<div class=\"productTag-pricedropped\" style=\"\r\nheight:46px;\r\nposition:absolute;\r\ntop:-4px;\r\nleft:0;\r\nwidth:100%;\r\nbackground:white;\r\noutline: 1px solid #c20016;\r\ntext-align:center;\">\r\n\r\n<img src=\"https://cdn0.woolworths.media/content/content/pricedropped-footer-transparent.png\" width=\"204px\" height=\"16px\" alt=\"Price Dropped\" style=\"display:inline-block;margin-top:15px;max-width: 100%;\">\r\n</div>",
            "TagLink": null,
            "FallbackText": null,
            "TagType": "Html",
            "MultibuyData": null
          },
          "IsFooterEnabled": true,
          "Diagnostics": "129",
          "IsBundle": false,
          "IsInFamily": false,
          "ChildProducts": [],
          "UrlOverride": null,
          "AdditionalAttributes": {
            "sapdepartmentname": "FRESH CONVENIENCE",
            "sapdepartmentno": "10",
            "sapcategoryname": "DELI CONVENIENCE",
            "sapcategoryno": "2",
            "sapsubcategoryname": "READY MEALS PRE PACKED",
            "sapsubcategoryno": "263",
            "sapsegmentname": "FAMILY - CLASSIC",
            "sapsegmentno": "37",
            "specialsgroupid": null,
            "PiesProductDepartmentNodeId": "1_6E4F4E4",
            "PiesProductDepartmentsjson": "[{\"Id\":\"1_6E4F4E4\",\"Description\":\"Dairy, Eggs & Fridge\"}]",
            "piesdepartmentnamesjson": "[\"Dairy, Eggs & Fridge\"]",
            "piescategorynamesjson": "[\"Ready to Eat Meals\"]",
            "piessubcategorynamesjson": "[\"Chilled Ready Meals\"]",
            "servingsize-total-nip": null,
            "servingsperpack-total-nip": null,
            "microwaveable": "False",
            "ovencook": "False",
            "vegetarian": "False",
            "freezable": "False",
            "containsnuts": "False",
            "containsgluten": "False",
            "description": "Who wouldn't love the classic flavours of macaroni and cheese! This one is baked with a generous portion of tasty cheese and finished with a golden parmesan crumb topping",
            "ingredients": "Cheesy Sauce (63%) (Water, Cream (11%) (Milk), Cheddar Cheese (10%) (Milk, Salt, Starter Culture, Non Animal Rennet, Anti-Caking Agent (460)), Dried Whole Milk, Onion, Tapioca Flour, Cheese Powder (Milk, Citric Acid (330)), Parmesan Cheese (Milk, Anti Caking Agent (460), Preservative (200), Calcium Chloride (509)), Vegetable Stock Powder, Garlic, Onion Seasoning, Salt, Herbs & Spices), Cooked Pasta (33%) (Durum Wheat Semolina, Water), Cheese Crumb (4%) (Cheddar Cheese (Milk, Anti Caking Agent (460)), Parmesan Cheese (Milk, Anti Caking Agent (460), Preservative (200), Calcium Chloride (509)), Breadcrumbs (Wheat), Canola Oil)",
            "nutritionalinformation": "{\"Name\":\"Nutritional Information\",\"Attributes\":[{\"Id\":705,\"Name\":\"Carbohydrate Quantity Per 100g - Total - NIP\",\"Value\":\"Approx.12.5g\",\"Description\":\"Carbohydrate Quantity Per 100g - Total - NIP\",\"SortOrder\":83},{\"Id\":706,\"Name\":\"Carbohydrate Quantity Per Serve - Total - NIP\",\"Value\":\"Approx.34.3g\",\"Description\":\"Carbohydrate Quantity Per Serve - Total - NIP\",\"SortOrder\":87},{\"Id\":759,\"Name\":\"Energy kJ Quantity Per 100g - Total - NIP\",\"Value\":\"Approx.631kJ\",\"Description\":\"Energy kJ Quantity Per 100g - Total - NIP\",\"SortOrder\":239},{\"Id\":760,\"Name\":\"Energy kJ Quantity Per Serve - Total - NIP\",\"Value\":\"Approx.1740kJ\",\"Description\":\"Energy kJ Quantity Per Serve - Total - NIP\",\"SortOrder\":243},{\"Id\":253,\"Name\":\"Fat Saturated Quantity Per 100g - Total - NIP\",\"Value\":\"Approx.3.3g\",\"Description\":\"Fat Saturated Quantity Per 100g - Total - NIP\",\"SortOrder\":251},{\"Id\":258,\"Name\":\"Fat Saturated Quantity Per Serve - Total - NIP\",\"Value\":\"Approx.9.1g\",\"Description\":\"Fat Saturated Quantity Per Serve - Total - NIP\",\"SortOrder\":255},{\"Id\":764,\"Name\":\"Fat Total Quantity Per 100g - Total - NIP\",\"Value\":\"Approx.8.5g\",\"Description\":\"Fat Total Quantity Per 100g - Total - NIP\",\"SortOrder\":263},{\"Id\":264,\"Name\":\"Fat Total Quantity Per Serve - Total - NIP\",\"Value\":\"Approx.23.4g\",\"Description\":\"Fat Total Quantity Per Serve - Total - NIP\",\"SortOrder\":267},{\"Id\":878,\"Name\":\"Protein Quantity Per 100g - Total - NIP\",\"Value\":\"Approx.5.8g\",\"Description\":\"Protein Quantity Per 100g - Total - NIP\",\"SortOrder\":587},{\"Id\":882,\"Name\":\"Protein Quantity Per Serve - Total - NIP\",\"Value\":\"Approx.16g\",\"Description\":\"Protein Quantity Per Serve - Total - NIP\",\"SortOrder\":591},{\"Id\":477,\"Name\":\"Serving Size - Total - NIP\",\"Value\":\"275g\",\"Description\":\"Serving Size - Total - NIP\",\"SortOrder\":607},{\"Id\":544,\"Name\":\"Servings Per Pack - Total - NIP\",\"Value\":\"4\",\"Description\":\"Servings Per Pack - Total - NIP\",\"SortOrder\":611},{\"Id\":491,\"Name\":\"Sodium Quantity Per 100g - Total - NIP\",\"Value\":\"Approx.322mg\",\"Description\":\"Sodium Quantity Per 100g - Total - NIP\",\"SortOrder\":623},{\"Id\":495,\"Name\":\"Sodium Quantity Per Serve - Total - NIP\",\"Value\":\"Approx.885mg\",\"Description\":\"Sodium Quantity Per Serve - Total - NIP\",\"SortOrder\":627},{\"Id\":907,\"Name\":\"Sugars Quantity Per 100g - Prefix - NIP\",\"Value\":\"Approx. \",\"Description\":\"Sugars Quantity Per 100g - Prefix - NIP\",\"SortOrder\":645},{\"Id\":908,\"Name\":\"Sugars Quantity Per 100g - SuffixUnits - NIP\",\"Value\":\"g\",\"Description\":\"Sugars Quantity Per 100g - SuffixUnits - NIP\",\"SortOrder\":646},{\"Id\":909,\"Name\":\"Sugars Quantity Per 100g - Total - NIP\",\"Value\":\"Approx.2.5g\",\"Description\":\"Sugars Quantity Per 100g - Total - NIP\",\"SortOrder\":647},{\"Id\":910,\"Name\":\"Sugars Quantity Per 100g - ValueWord - NIP\",\"Value\":\"2.5\",\"Description\":\"Sugars Quantity Per 100g - ValueWord - NIP\",\"SortOrder\":648},{\"Id\":504,\"Name\":\"Sugars Quantity Per Serve - Prefix - NIP\",\"Value\":\"Approx. \",\"Description\":\"Sugars Quantity Per Serve - Prefix - NIP\",\"SortOrder\":649},{\"Id\":911,\"Name\":\"Sugars Quantity Per Serve - SuffixUnits - NIP\",\"Value\":\"g\",\"Description\":\"Sugars Quantity Per Serve - SuffixUnits - NIP\",\"SortOrder\":650},{\"Id\":912,\"Name\":\"Sugars Quantity Per Serve - Total - NIP\",\"Value\":\"Approx.6.7g\",\"Description\":\"Sugars Quantity Per Serve - Total - NIP\",\"SortOrder\":651},{\"Id\":572,\"Name\":\"Sugars Quantity Per Serve - ValueWord - NIP\",\"Value\":\"6.7\",\"Description\":\"Sugars Quantity Per Serve - ValueWord - NIP\",\"SortOrder\":652}]}",
            "storageinstructions": "Keep Refrigerated",
            "usageinstructions": null,
            "brand": "woolworths",
            "manufacturer": null,
            "countryoforigin": null,
            "productheightmm": null,
            "productwidthmm": null,
            "productdepthmm": null,
            "wool_productpackaging": null,
            "recyclableinformation": null,
            "importantinformation": null,
            "allergencontains": "Milk, Gluten",
            "allergenmaybepresent": "Peanuts, Tree Nuts, Egg, Soy, Fish, Crustacean",
            "allergystatement": "No Artificial Colours or Flavours",
            "lifestyleanddietarystatement": "Source of Protein",
            "lifestyleclaim": null,
            "wool_dietaryclaim": "Free From Artificial Colour\rFree From Artificial Flavour",
            "boxedcontents": null,
            "suitablefor": null,
            "fragrance": null,
            "colour": null,
            "antioxidant": "False",
            "addedvitaminsandminerals": "False",
            "bpafree": "False",
            "sulfatefree": "False",
            "parabenfree": "False",
            "claims": null,
            "alcoholfree": null,
            "anti-dandruff": null,
            "dermatologicallyapproved": null,
            "dermatologistrecommended": null,
            "dermatologisttested": null,
            "fragrance-free": null,
            "haircolour": null,
            "hairtype": null,
            "hypo-allergenic": null,
            "non-comedogenic": null,
            "oilfree": null,
            "ophthalmologistapproved": null,
            "ophthalmologisttested": null,
            "paba-free": null,
            "skincondition": null,
            "skintype": null,
            "soap-free": null,
            "spf": null,
            "sweatresistant": null,
            "timer": null,
            "waterresistant": null,
            "phbalanced": null,
            "antiseptic": "False",
            "antibacterial": "False",
            "activeconstituents": null,
            "contains": null,
            "microwavesafe": "False",
            "productimagecount": "4",
            "friendlydisclaimer": null,
            "productimages": "574601.jpg,574601_1.jpg,574601_6.jpg,574601_7.jpg",
            "healthstarrating": "3",
            "tgawarnings": null,
            "vendorarticleid": null,
            "vendorcostprice": null,
            "tgawarning": null
          },
          "DetailsImagePaths": [
            "https://cdn0.woolworths.media/content/wowproductimages/large/574601.jpg",
            "https://cdn0.woolworths.media/content/wowproductimages/large/574601_1.jpg",
            "https://cdn0.woolworths.media/content/wowproductimages/large/574601_6.jpg",
            "https://cdn0.woolworths.media/content/wowproductimages/large/574601_7.jpg"
          ],
          "Variety": "macaroni & cheese",
          "Rating": {
            "ReviewCount": 135,
            "RatingCount": 135,
            "RatingSum": 0,
            "OneStarCount": 3,
            "TwoStarCount": 5,
            "ThreeStarCount": 32,
            "FourStarCount": 65,
            "FiveStarCount": 30,
            "Average": 3.84444444444444,
            "OneStarPercentage": 2.22222222222222,
            "TwoStarPercentage": 3.7037037037037,
            "ThreeStarPercentage": 23.7037037037037,
            "FourStarPercentage": 48.1481481481481,
            "FiveStarPercentage": 22.2222222222222
          },
          "HasProductSubs": false,
          "IsSponsoredAd": false,
          "AdID": null,
          "AdIndex": null,
          "ThirdPartyProductInfo": null,
          "MarketFeatures": null,
          "MarketSpecifications": null
        }
      ],
      "Name": "Woolworths Family Classics Macaroni & Cheese"
    },
    {
      "Products": [
        {
          "TileID": 0,
          "Stockcode": 574602,
          "Barcode": "9300633635060",
          "GtinFormat": 13,
          "CupPrice": 0.91,
          "InstoreCupPrice": 0.91,
          "CupMeasure": "100G",
          "CupString": "$0.91 / 100G",
          "InstoreCupString": "$0.91 / 100G",
          "HasCupPrice": true,
          "InstoreHasCupPrice": true,
          "Price": 10,
          "InstorePrice": 10,
          "Name": "Woolworths Family Classics Tuna Mornay",
          "UrlFriendlyName": "woolworths-family-classics-tuna-mornay",
          "Description": " Woolworths Family Classics<br>Tuna Mornay 1.1kg",
          "SmallImageFile": "https://cdn0.woolworths.media/content/wowproductimages/small/574602.jpg",
          "MediumImageFile": "https://cdn0.woolworths.media/content/wowproductimages/medium/574602.jpg",
          "LargeImageFile": "https://cdn0.woolworths.media/content/wowproductimages/large/574602.jpg",
          "IsNew": false,
          "IsOnSpecial": false,
          "InstoreIsOnSpecial": false,
          "IsEdrSpecial": false,
          "SavingsAmount": 0,
          "InstoreSavingsAmount": 0,
          "WasPrice": 10,
          "InstoreWasPrice": 10,
          "QuantityInTrolley": 0,
          "Unit": "Each",
          "MinimumQuantity": 1,
          "HasBeenBoughtBefore": false,
          "IsInTrolley": false,
          "Source": "Aisle.DairyEggsFridge",
          "SupplyLimit": 36,
          "IsRanged": false,
          "IsInStock": true,
          "PackageSize": "1.1kg",
          "IsPmDelivery": true,
          "IsForCollection": true,
          "IsForDelivery": true,
          "IsForExpress": false,
          "ProductRestrictionMessage": null,
          "ProductWarningMessage": null,
          "CentreTag": {
            "TagContent": "<span style=\"COLOR: #e2001a\"> Was $12.00 01/05/2018</span>",
            "TagLink": null,
            "FallbackText": null,
            "TagType": "Html",
            "MultibuyData": null
          },
          "IsCentreTag": true,
          "ImageTag": {
            "TagContent": null,
            "TagLink": null,
            "FallbackText": "",
            "TagType": "None",
            "MultibuyData": null
          },
          "HeaderTag": {
            "BackgroundColor": "#fff",
            "BorderColor": "#c20016",
            "TextColor": "#c20016",
            "Content": "<span class=\"u-semibold\">Prices dropped</span>",
            "TagLink": null,
            "Promotion": "PriceDropped"
          },
          "HasHeaderTag": true,
          "UnitWeightInGrams": 1100,
          "SupplyLimitMessage": "'Woolworths Family Classics Tuna Mornay' has a supply limit of 36. The quantity in your cart has been reduced accordingly. To purchase a larger quantity, please contact us on 1800 000 610. Please note we do not supply trade orders.",
          "SmallFormatDescription": "Woolworths Family Classics Tuna Mornay",
          "FullDescription": "Woolworths Family Classics Tuna Mornay",
          "IsAvailable": true,
          "InstoreIsAvailable": true,
          "IsPurchasable": true,
          "InstoreIsPurchasable": true,
          "AgeRestricted": false,
          "DisplayQuantity": 1,
          "RichDescription": "Dig into this creamy tuna pasta bake with tasty cheese, sweet corn and finished with a golden Cheddar cheese crumb topping for a delicious dish.",
          "IsDeliveryPass": false,
          "HideWasSavedPrice": false,
          "SapCategories": null,
          "Brand": "woolworths",
          "IsRestrictedByDeliveryMethod": false,
          "FooterTag": {
            "TagContent": "<div class=\"productTag-pricedropped\" style=\"\r\nheight:46px;\r\nposition:absolute;\r\ntop:-4px;\r\nleft:0;\r\nwidth:100%;\r\nbackground:white;\r\noutline: 1px solid #c20016;\r\ntext-align:center;\">\r\n\r\n<img src=\"https://cdn0.woolworths.media/content/content/pricedropped-footer-transparent.png\" width=\"204px\" height=\"16px\" alt=\"Price Dropped\" style=\"display:inline-block;margin-top:15px;max-width: 100%;\">\r\n</div>",
            "TagLink": null,
            "FallbackText": null,
            "TagType": "Html",
            "MultibuyData": null
          },
          "IsFooterEnabled": true,
          "Diagnostics": "130",
          "IsBundle": false,
          "IsInFamily": false,
          "ChildProducts": [],
          "UrlOverride": null,
          "AdditionalAttributes": {
            "sapdepartmentname": "FRESH CONVENIENCE",
            "sapdepartmentno": "10",
            "sapcategoryname": "DELI CONVENIENCE",
            "sapcategoryno": "2",
            "sapsubcategoryname": "READY MEALS PRE PACKED",
            "sapsubcategoryno": "263",
            "sapsegmentname": "FAMILY - CLASSIC",
            "sapsegmentno": "37",
            "specialsgroupid": null,
            "PiesProductDepartmentNodeId": "1_6E4F4E4",
            "PiesProductDepartmentsjson": "[{\"Id\":\"1_6E4F4E4\",\"Description\":\"Dairy, Eggs & Fridge\"}]",
            "piesdepartmentnamesjson": "[\"Dairy, Eggs & Fridge\"]",
            "piescategorynamesjson": "[\"Ready to Eat Meals\"]",
            "piessubcategorynamesjson": "[\"Chilled Ready Meals\"]",
            "servingsize-total-nip": null,
            "servingsperpack-total-nip": null,
            "microwaveable": "False",
            "ovencook": "False",
            "vegetarian": "False",
            "freezable": "False",
            "containsnuts": "False",
            "containsgluten": "False",
            "description": "Dig into this creamy tuna pasta bake with tasty cheese, sweet corn and finished with a golden Cheddar cheese crumb topping for a delicious dish.",
            "ingredients": "Tuna Mornay (64%) (Water, Tuna in Spring Water (12%) (Tuna (Fish), Spring Water), Onion, Cream (8%) (contains Milk), Cheddar Cheese (8%) (Milk, Salt, Starter Culture, Non Animal Rennet, Lipase, Anti Caking Agent (460)), Milk, Corn (5%), Butter (contains Milk), Corn Starch, Garlic (0.8%), Dijon Mustard (contains Acetic Acid (260)), Salt, Pepper), Cooked Pasta (31%) (Pasta (Durum Wheat Semolina), Water, Oil), Cheese Crumb (3%) (Cheddar Cheese (contains Milk), Breadcrumbs (contains Wheat), Oil, Parsley)",
            "nutritionalinformation": "{\"Name\":\"Nutritional Information\",\"Attributes\":[{\"Id\":705,\"Name\":\"Carbohydrate Quantity Per 100g - Total - NIP\",\"Value\":\"Approx.13.8g\",\"Description\":\"Carbohydrate Quantity Per 100g - Total - NIP\",\"SortOrder\":83},{\"Id\":706,\"Name\":\"Carbohydrate Quantity Per Serve - Total - NIP\",\"Value\":\"Approx.38g\",\"Description\":\"Carbohydrate Quantity Per Serve - Total - NIP\",\"SortOrder\":87},{\"Id\":759,\"Name\":\"Energy kJ Quantity Per 100g - Total - NIP\",\"Value\":\"Approx.821kJ\",\"Description\":\"Energy kJ Quantity Per 100g - Total - NIP\",\"SortOrder\":239},{\"Id\":760,\"Name\":\"Energy kJ Quantity Per Serve - Total - NIP\",\"Value\":\"Approx.2260kJ\",\"Description\":\"Energy kJ Quantity Per Serve - Total - NIP\",\"SortOrder\":243},{\"Id\":253,\"Name\":\"Fat Saturated Quantity Per 100g - Total - NIP\",\"Value\":\"Approx.5.6g\",\"Description\":\"Fat Saturated Quantity Per 100g - Total - NIP\",\"SortOrder\":251},{\"Id\":258,\"Name\":\"Fat Saturated Quantity Per Serve - Total - NIP\",\"Value\":\"Approx.15.4g\",\"Description\":\"Fat Saturated Quantity Per Serve - Total - NIP\",\"SortOrder\":255},{\"Id\":764,\"Name\":\"Fat Total Quantity Per 100g - Total - NIP\",\"Value\":\"Approx.10.4g\",\"Description\":\"Fat Total Quantity Per 100g - Total - NIP\",\"SortOrder\":263},{\"Id\":264,\"Name\":\"Fat Total Quantity Per Serve - Total - NIP\",\"Value\":\"Approx.28.6g\",\"Description\":\"Fat Total Quantity Per Serve - Total - NIP\",\"SortOrder\":267},{\"Id\":878,\"Name\":\"Protein Quantity Per 100g - Total - NIP\",\"Value\":\"Approx.10.9g\",\"Description\":\"Protein Quantity Per 100g - Total - NIP\",\"SortOrder\":587},{\"Id\":882,\"Name\":\"Protein Quantity Per Serve - Total - NIP\",\"Value\":\"Approx.30g\",\"Description\":\"Protein Quantity Per Serve - Total - NIP\",\"SortOrder\":591},{\"Id\":477,\"Name\":\"Serving Size - Total - NIP\",\"Value\":\"275g\",\"Description\":\"Serving Size - Total - NIP\",\"SortOrder\":607},{\"Id\":544,\"Name\":\"Servings Per Pack - Total - NIP\",\"Value\":\"4\",\"Description\":\"Servings Per Pack - Total - NIP\",\"SortOrder\":611},{\"Id\":491,\"Name\":\"Sodium Quantity Per 100g - Total - NIP\",\"Value\":\"Approx.203mg\",\"Description\":\"Sodium Quantity Per 100g - Total - NIP\",\"SortOrder\":623},{\"Id\":495,\"Name\":\"Sodium Quantity Per Serve - Total - NIP\",\"Value\":\"Approx.558mg\",\"Description\":\"Sodium Quantity Per Serve - Total - NIP\",\"SortOrder\":627},{\"Id\":907,\"Name\":\"Sugars Quantity Per 100g - Prefix - NIP\",\"Value\":\"Approx.\",\"Description\":\"Sugars Quantity Per 100g - Prefix - NIP\",\"SortOrder\":645},{\"Id\":908,\"Name\":\"Sugars Quantity Per 100g - SuffixUnits - NIP\",\"Value\":\"g\",\"Description\":\"Sugars Quantity Per 100g - SuffixUnits - NIP\",\"SortOrder\":646},{\"Id\":909,\"Name\":\"Sugars Quantity Per 100g - Total - NIP\",\"Value\":\"Approx.2.3g\",\"Description\":\"Sugars Quantity Per 100g - Total - NIP\",\"SortOrder\":647},{\"Id\":910,\"Name\":\"Sugars Quantity Per 100g - ValueWord - NIP\",\"Value\":\"2.3\",\"Description\":\"Sugars Quantity Per 100g - ValueWord - NIP\",\"SortOrder\":648},{\"Id\":504,\"Name\":\"Sugars Quantity Per Serve - Prefix - NIP\",\"Value\":\"Approx.\",\"Description\":\"Sugars Quantity Per Serve - Prefix - NIP\",\"SortOrder\":649},{\"Id\":911,\"Name\":\"Sugars Quantity Per Serve - SuffixUnits - NIP\",\"Value\":\"g\",\"Description\":\"Sugars Quantity Per Serve - SuffixUnits - NIP\",\"SortOrder\":650},{\"Id\":912,\"Name\":\"Sugars Quantity Per Serve - Total - NIP\",\"Value\":\"Approx.6.3g\",\"Description\":\"Sugars Quantity Per Serve - Total - NIP\",\"SortOrder\":651},{\"Id\":572,\"Name\":\"Sugars Quantity Per Serve - ValueWord - NIP\",\"Value\":\"6.3\",\"Description\":\"Sugars Quantity Per Serve - ValueWord - NIP\",\"SortOrder\":652}]}",
            "storageinstructions": "Suitable for Home Freezing. Keep Refrigerated",
            "usageinstructions": null,
            "brand": "woolworths",
            "manufacturer": null,
            "countryoforigin": null,
            "productheightmm": null,
            "productwidthmm": null,
            "productdepthmm": null,
            "wool_productpackaging": null,
            "recyclableinformation": null,
            "importantinformation": null,
            "allergencontains": "Milk, Fish, Gluten",
            "allergenmaybepresent": "Peanuts, Tree Nuts, Egg, Soy, Crustacean",
            "allergystatement": "No Artificial Colours or Flavours",
            "lifestyleanddietarystatement": "Source of Protein",
            "lifestyleclaim": null,
            "wool_dietaryclaim": "Free From Artificial Colour\rFree From Artificial Flavour",
            "boxedcontents": null,
            "suitablefor": null,
            "fragrance": null,
            "colour": null,
            "antioxidant": "False",
            "addedvitaminsandminerals": "False",
            "bpafree": "False",
            "sulfatefree": "False",
            "parabenfree": "False",
            "claims": null,
            "alcoholfree": null,
            "anti-dandruff": null,
            "dermatologicallyapproved": null,
            "dermatologistrecommended": null,
            "dermatologisttested": null,
            "fragrance-free": null,
            "haircolour": null,
            "hairtype": null,
            "hypo-allergenic": null,
            "non-comedogenic": null,
            "oilfree": null,
            "ophthalmologistapproved": null,
            "ophthalmologisttested": null,
            "paba-free": null,
            "skincondition": null,
            "skintype": null,
            "soap-free": null,
            "spf": null,
            "sweatresistant": null,
            "timer": null,
            "waterresistant": null,
            "phbalanced": null,
            "antiseptic": "False",
            "antibacterial": "False",
            "activeconstituents": null,
            "contains": null,
            "microwavesafe": "False",
            "productimagecount": "4",
            "friendlydisclaimer": null,
            "productimages": "574602_2.jpg,574602_6.jpg,574602.jpg,574602_1.jpg",
            "healthstarrating": "3.5",
            "tgawarnings": null,
            "vendorarticleid": null,
            "vendorcostprice": null,
            "tgawarning": null
          },
          "DetailsImagePaths": [
            "https://cdn0.woolworths.media/content/wowproductimages/large/574602.jpg",
            "https://cdn0.woolworths.media/content/wowproductimages/large/574602_1.jpg",
            "https://cdn0.woolworths.media/content/wowproductimages/large/574602_2.jpg",
            "https://cdn0.woolworths.media/content/wowproductimages/large/574602_6.jpg"
          ],
          "Variety": "tuna mornay",
          "Rating": {
            "ReviewCount": 161,
            "RatingCount": 161,
            "RatingSum": 0,
            "OneStarCount": 2,
            "TwoStarCount": 8,
            "ThreeStarCount": 37,
            "FourStarCount": 79,
            "FiveStarCount": 35,
            "Average": 3.85,
            "OneStarPercentage": 1.24,
            "TwoStarPercentage": 4.97,
            "ThreeStarPercentage": 22.98,
            "FourStarPercentage": 49.07,
            "FiveStarPercentage": 21.74
          },
          "HasProductSubs": false,
          "IsSponsoredAd": false,
          "AdID": null,
          "AdIndex": null,
          "ThirdPartyProductInfo": null,
          "MarketFeatures": null,
          "MarketSpecifications": null
        }
      ],
      "Name": "Woolworths Family Classics Tuna Mornay"
    },
    {
      "Products": [
        {
          "TileID": 0,
          "Stockcode": 652060,
          "Barcode": "9300633686437",
          "GtinFormat": 13,
          "CupPrice": 0.91,
          "InstoreCupPrice": 0.91,
          "CupMeasure": "100G",
          "CupString": "$0.91 / 100G",
          "InstoreCupString": "$0.91 / 100G",
          "HasCupPrice": true,
          "InstoreHasCupPrice": true,
          "Price": 10,
          "InstorePrice": 10,
          "Name": "Woolworths Spaghetti Bolognese Bolognese",
          "UrlFriendlyName": "woolworths-spaghetti-bolognese-bolognese",
          "Description": " Woolworths Spaghetti<br>Bolognese... 1.1kg",
          "SmallImageFile": "https://cdn0.woolworths.media/content/wowproductimages/small/652060.jpg",
          "MediumImageFile": "https://cdn0.woolworths.media/content/wowproductimages/medium/652060.jpg",
          "LargeImageFile": "https://cdn0.woolworths.media/content/wowproductimages/large/652060.jpg",
          "IsNew": false,
          "IsOnSpecial": false,
          "InstoreIsOnSpecial": false,
          "IsEdrSpecial": false,
          "SavingsAmount": 0,
          "InstoreSavingsAmount": 0,
          "WasPrice": 10,
          "InstoreWasPrice": 10,
          "QuantityInTrolley": 0,
          "Unit": "Each",
          "MinimumQuantity": 1,
          "HasBeenBoughtBefore": false,
          "IsInTrolley": false,
          "Source": "Aisle.DairyEggsFridge",
          "SupplyLimit": 36,
          "IsRanged": false,
          "IsInStock": true,
          "PackageSize": "1.1kg",
          "IsPmDelivery": true,
          "IsForCollection": true,
          "IsForDelivery": true,
          "IsForExpress": false,
          "ProductRestrictionMessage": null,
          "ProductWarningMessage": null,
          "CentreTag": {
            "TagContent": "<span style=\"COLOR: #e2001a\"> Was $12.00 01/05/2018</span>",
            "TagLink": null,
            "FallbackText": null,
            "TagType": "Html",
            "MultibuyData": null
          },
          "IsCentreTag": true,
          "ImageTag": {
            "TagContent": null,
            "TagLink": null,
            "FallbackText": "",
            "TagType": "None",
            "MultibuyData": null
          },
          "HeaderTag": {
            "BackgroundColor": "#fff",
            "BorderColor": "#c20016",
            "TextColor": "#c20016",
            "Content": "<span class=\"u-semibold\">Prices dropped</span>",
            "TagLink": null,
            "Promotion": "PriceDropped"
          },
          "HasHeaderTag": true,
          "UnitWeightInGrams": 1140,
          "SupplyLimitMessage": "'Woolworths Spaghetti Bolognese Bolognese' has a supply limit of 36. The quantity in your cart has been reduced accordingly. To purchase a larger quantity, please contact us on 1800 000 610. Please note we do not supply trade orders.",
          "SmallFormatDescription": "Woolworths Spaghetti Bolognese Bolognese",
          "FullDescription": "Woolworths Spaghetti Bolognese Bolognese",
          "IsAvailable": true,
          "InstoreIsAvailable": true,
          "IsPurchasable": true,
          "InstoreIsPurchasable": true,
          "AgeRestricted": false,
          "DisplayQuantity": 1,
          "RichDescription": "<p>+ 1 serve of veg. One serve of vegetables is approximately 75g. This product contains 81g of vegetables per serving. Australian Dietary Guidelines recommend 5 serves of vegetables per day.Twirl and swirl your way through this rich Spaghetti Bolognese. Made with Australian beef mince mixed through a rich Napoli sauce for the ultimate classic comfort dish.</p>",
          "IsDeliveryPass": false,
          "HideWasSavedPrice": false,
          "SapCategories": null,
          "Brand": "Woolworths",
          "IsRestrictedByDeliveryMethod": false,
          "FooterTag": {
            "TagContent": "<div class=\"productTag-pricedropped\" style=\"\r\nheight:46px;\r\nposition:absolute;\r\ntop:-4px;\r\nleft:0;\r\nwidth:100%;\r\nbackground:white;\r\noutline: 1px solid #c20016;\r\ntext-align:center;\">\r\n\r\n<img src=\"https://cdn0.woolworths.media/content/content/pricedropped-footer-transparent.png\" width=\"204px\" height=\"16px\" alt=\"Price Dropped\" style=\"display:inline-block;margin-top:15px;max-width: 100%;\">\r\n</div>",
            "TagLink": null,
            "FallbackText": null,
            "TagType": "Html",
            "MultibuyData": null
          },
          "IsFooterEnabled": true,
          "Diagnostics": "131",
          "IsBundle": false,
          "IsInFamily": false,
          "ChildProducts": [],
          "UrlOverride": null,
          "AdditionalAttributes": {
            "sapdepartmentname": "FRESH CONVENIENCE",
            "sapdepartmentno": "10",
            "sapcategoryname": "DELI CONVENIENCE",
            "sapcategoryno": "2",
            "sapsubcategoryname": "READY MEALS PRE PACKED",
            "sapsubcategoryno": "263",
            "sapsegmentname": "FAMILY - ITALIAN",
            "sapsegmentno": "15",
            "specialsgroupid": null,
            "PiesProductDepartmentNodeId": "1_39FD49C",
            "PiesProductDepartmentsjson": "[{\"Id\":\"1_39FD49C\",\"Description\":\"Pantry\"},{\"Id\":\"1_6E4F4E4\",\"Description\":\"Dairy, Eggs & Fridge\"}]",
            "piesdepartmentnamesjson": "[\"Pantry\",\"Dairy, Eggs & Fridge\"]",
            "piescategorynamesjson": "[\"Pasta, Rice & Grains\",\"Ready to Eat Meals\",\"Fresh Pasta & Sauces\"]",
            "piessubcategorynamesjson": "[\"Spaghetti\",\"Chilled Ready Meals\",\"Fresh Pasta & Noodles\"]",
            "servingsize-total-nip": null,
            "servingsperpack-total-nip": null,
            "microwaveable": "False",
            "ovencook": "False",
            "vegetarian": "False",
            "freezable": "False",
            "containsnuts": "False",
            "containsgluten": "False",
            "description": "<p>+ 1 serve of veg. One serve of vegetables is approximately 75g. This product contains 81g of vegetables per serving. Australian Dietary Guidelines recommend 5 serves of vegetables per day.Twirl and swirl your way through this rich Spaghetti Bolognese. Made with Australian beef mince mixed through a rich Napoli sauce for the ultimate classic comfort dish.</p>",
            "ingredients": "<p>Beef Bolognese (54%) (Tomato Dice (24%) (Tomato, Tomato Juice, Acidity Regulator (Citric Acid), Mineral Salt (Calcium Chloride)), Beef (18%), Tomato Paste (14%), Water, Onion, Celery, Red Wine, Soy Sauce (contains Wheat, Soybeans), Garlic, Textured Soya Protein (contains Colour (150a)), Corn Starch, Sugar, Canola Oil, Herbs & Spices, Yeast Extract, Salt, Cooked Spaghetti (45%) (Durum Wheat Semolina, Canola Oil)</p>",
            "nutritionalinformation": "{\"Name\":\"Nutritional Information\",\"Attributes\":[{\"Id\":705,\"Name\":\"Carbohydrate Quantity Per 100g - Total - NIP\",\"Value\":\"Approx.17.8g\",\"Description\":\"Carbohydrate Quantity Per 100g - Total - NIP\",\"SortOrder\":83},{\"Id\":706,\"Name\":\"Carbohydrate Quantity Per Serve - Total - NIP\",\"Value\":\"Approx.49g\",\"Description\":\"Carbohydrate Quantity Per Serve - Total - NIP\",\"SortOrder\":87},{\"Id\":759,\"Name\":\"Energy kJ Quantity Per 100g - Total - NIP\",\"Value\":\"Approx.559kJ\",\"Description\":\"Energy kJ Quantity Per 100g - Total - NIP\",\"SortOrder\":239},{\"Id\":760,\"Name\":\"Energy kJ Quantity Per Serve - Total - NIP\",\"Value\":\"Approx.1540kJ\",\"Description\":\"Energy kJ Quantity Per Serve - Total - NIP\",\"SortOrder\":243},{\"Id\":253,\"Name\":\"Fat Saturated Quantity Per 100g - Total - NIP\",\"Value\":\"Approx.1g\",\"Description\":\"Fat Saturated Quantity Per 100g - Total - NIP\",\"SortOrder\":251},{\"Id\":258,\"Name\":\"Fat Saturated Quantity Per Serve - Total - NIP\",\"Value\":\"Approx.2.8g\",\"Description\":\"Fat Saturated Quantity Per Serve - Total - NIP\",\"SortOrder\":255},{\"Id\":764,\"Name\":\"Fat Total Quantity Per 100g - Total - NIP\",\"Value\":\"Approx.3.6g\",\"Description\":\"Fat Total Quantity Per 100g - Total - NIP\",\"SortOrder\":263},{\"Id\":264,\"Name\":\"Fat Total Quantity Per Serve - Total - NIP\",\"Value\":\"Approx.9.9g\",\"Description\":\"Fat Total Quantity Per Serve - Total - NIP\",\"SortOrder\":267},{\"Id\":878,\"Name\":\"Protein Quantity Per 100g - Total - NIP\",\"Value\":\"Approx.6.5g\",\"Description\":\"Protein Quantity Per 100g - Total - NIP\",\"SortOrder\":587},{\"Id\":882,\"Name\":\"Protein Quantity Per Serve - Total - NIP\",\"Value\":\"Approx.17.9g\",\"Description\":\"Protein Quantity Per Serve - Total - NIP\",\"SortOrder\":591},{\"Id\":477,\"Name\":\"Serving Size - Total - NIP\",\"Value\":\"275g\",\"Description\":\"Serving Size - Total - NIP\",\"SortOrder\":607},{\"Id\":544,\"Name\":\"Servings Per Pack - Total - NIP\",\"Value\":\"4\",\"Description\":\"Servings Per Pack - Total - NIP\",\"SortOrder\":611},{\"Id\":491,\"Name\":\"Sodium Quantity Per 100g - Total - NIP\",\"Value\":\"Approx.243mg\",\"Description\":\"Sodium Quantity Per 100g - Total - NIP\",\"SortOrder\":623},{\"Id\":495,\"Name\":\"Sodium Quantity Per Serve - Total - NIP\",\"Value\":\"Approx.668mg\",\"Description\":\"Sodium Quantity Per Serve - Total - NIP\",\"SortOrder\":627},{\"Id\":907,\"Name\":\"Sugars Quantity Per 100g - Prefix - NIP\",\"Value\":\"Approx.\",\"Description\":\"Sugars Quantity Per 100g - Prefix - NIP\",\"SortOrder\":645},{\"Id\":908,\"Name\":\"Sugars Quantity Per 100g - SuffixUnits - NIP\",\"Value\":\"g\",\"Description\":\"Sugars Quantity Per 100g - SuffixUnits - NIP\",\"SortOrder\":646},{\"Id\":909,\"Name\":\"Sugars Quantity Per 100g - Total - NIP\",\"Value\":\"Approx.1.9g\",\"Description\":\"Sugars Quantity Per 100g - Total - NIP\",\"SortOrder\":647},{\"Id\":910,\"Name\":\"Sugars Quantity Per 100g - ValueWord - NIP\",\"Value\":\"1.9\",\"Description\":\"Sugars Quantity Per 100g - ValueWord - NIP\",\"SortOrder\":648},{\"Id\":504,\"Name\":\"Sugars Quantity Per Serve - Prefix - NIP\",\"Value\":\"Approx.\",\"Description\":\"Sugars Quantity Per Serve - Prefix - NIP\",\"SortOrder\":649},{\"Id\":911,\"Name\":\"Sugars Quantity Per Serve - SuffixUnits - NIP\",\"Value\":\"g\",\"Description\":\"Sugars Quantity Per Serve - SuffixUnits - NIP\",\"SortOrder\":650},{\"Id\":912,\"Name\":\"Sugars Quantity Per Serve - Total - NIP\",\"Value\":\"Approx.5.2g\",\"Description\":\"Sugars Quantity Per Serve - Total - NIP\",\"SortOrder\":651},{\"Id\":572,\"Name\":\"Sugars Quantity Per Serve - ValueWord - NIP\",\"Value\":\"5.2\",\"Description\":\"Sugars Quantity Per Serve - ValueWord - NIP\",\"SortOrder\":652}]}",
            "storageinstructions": "Suitable for Home Freezing. Keep Refrigerated",
            "usageinstructions": null,
            "brand": "woolworths",
            "manufacturer": null,
            "countryoforigin": null,
            "productheightmm": null,
            "productwidthmm": null,
            "productdepthmm": null,
            "wool_productpackaging": null,
            "recyclableinformation": null,
            "importantinformation": null,
            "allergencontains": "Soy, Gluten",
            "allergenmaybepresent": "Peanuts, Tree Nuts, Egg, Milk, Fish, Crustacean",
            "allergystatement": "No Artificial Colours or Flavours",
            "lifestyleanddietarystatement": "Low Saturated Fat",
            "lifestyleclaim": null,
            "wool_dietaryclaim": "Free From Artificial Colour\rFree From Artificial Flavour",
            "boxedcontents": null,
            "suitablefor": null,
            "fragrance": null,
            "colour": null,
            "antioxidant": "False",
            "addedvitaminsandminerals": "False",
            "bpafree": "False",
            "sulfatefree": "False",
            "parabenfree": "False",
            "claims": null,
            "alcoholfree": null,
            "anti-dandruff": null,
            "dermatologicallyapproved": null,
            "dermatologistrecommended": null,
            "dermatologisttested": null,
            "fragrance-free": null,
            "haircolour": null,
            "hairtype": null,
            "hypo-allergenic": null,
            "non-comedogenic": null,
            "oilfree": null,
            "ophthalmologistapproved": null,
            "ophthalmologisttested": null,
            "paba-free": null,
            "skincondition": null,
            "skintype": null,
            "soap-free": null,
            "spf": null,
            "sweatresistant": null,
            "timer": null,
            "waterresistant": null,
            "phbalanced": null,
            "antiseptic": "False",
            "antibacterial": "False",
            "activeconstituents": null,
            "contains": null,
            "microwavesafe": "False",
            "productimagecount": "3",
            "friendlydisclaimer": null,
            "productimages": "652060_1.jpg,652060.jpg,652060_6.jpg",
            "healthstarrating": "4",
            "tgawarnings": null,
            "vendorarticleid": null,
            "vendorcostprice": null,
            "tgawarning": null,
            "PiesProductB2bDepartmentNodeId": "14_BADBC9B",
            "PiesProductB2bDepartmentsjson": "[{\"Id\":\"14_BADBC9B\",\"Description\":\"Fridge\"}]",
            "piesb2bdepartmentnamesjson": "[\"Fridge\"]",
            "piesb2bcategorynamesjson": "[\"Ready to Eat\"]",
            "piesb2bsubcategorynamesjson": "[\"Ready Meals\",\"Fresh Pasta & Noodles\"]"
          },
          "DetailsImagePaths": [
            "https://cdn0.woolworths.media/content/wowproductimages/large/652060.jpg",
            "https://cdn0.woolworths.media/content/wowproductimages/large/652060_1.jpg",
            "https://cdn0.woolworths.media/content/wowproductimages/large/652060_6.jpg"
          ],
          "Variety": "Bolognese",
          "Rating": null,
          "HasProductSubs": false,
          "IsSponsoredAd": false,
          "AdID": null,
          "AdIndex": null,
          "ThirdPartyProductInfo": null,
          "MarketFeatures": null,
          "MarketSpecifications": null
        }
      ],
      "Name": "Woolworths Spaghetti Bolognese Bolognese"
    },
    {
      "Products": [
        {
          "TileID": 0,
          "Stockcode": 674327,
          "Barcode": "9339687029044",
          "GtinFormat": 13,
          "CupPrice": 1.25,
          "InstoreCupPrice": 1.25,
          "CupMeasure": "100G",
          "CupString": "$1.25 / 100G",
          "InstoreCupString": "$1.25 / 100G",
          "HasCupPrice": true,
          "InstoreHasCupPrice": true,
          "Price": 10,
          "InstorePrice": 10,
          "Name": "Woolworths Curried Sausages",
          "UrlFriendlyName": "woolworths-curried-sausages",
          "Description": " Woolworths Curried Sausages 800g",
          "SmallImageFile": "https://cdn0.woolworths.media/content/wowproductimages/small/674327.jpg",
          "MediumImageFile": "https://cdn0.woolworths.media/content/wowproductimages/medium/674327.jpg",
          "LargeImageFile": "https://cdn0.woolworths.media/content/wowproductimages/large/674327.jpg",
          "IsNew": false,
          "IsOnSpecial": false,
          "InstoreIsOnSpecial": false,
          "IsEdrSpecial": false,
          "SavingsAmount": 0,
          "InstoreSavingsAmount": 0,
          "WasPrice": 10,
          "InstoreWasPrice": 10,
          "QuantityInTrolley": 0,
          "Unit": "Each",
          "MinimumQuantity": 1,
          "HasBeenBoughtBefore": false,
          "IsInTrolley": false,
          "Source": "Aisle.DairyEggsFridge",
          "SupplyLimit": 36,
          "IsRanged": false,
          "IsInStock": true,
          "PackageSize": "800g",
          "IsPmDelivery": true,
          "IsForCollection": true,
          "IsForDelivery": true,
          "IsForExpress": false,
          "ProductRestrictionMessage": null,
          "ProductWarningMessage": null,
          "CentreTag": {
            "TagContent": null,
            "TagLink": null,
            "FallbackText": null,
            "TagType": "None",
            "MultibuyData": null
          },
          "IsCentreTag": false,
          "ImageTag": {
            "TagContent": null,
            "TagLink": null,
            "FallbackText": "",
            "TagType": "None",
            "MultibuyData": null
          },
          "HeaderTag": null,
          "HasHeaderTag": false,
          "UnitWeightInGrams": 815,
          "SupplyLimitMessage": "'Woolworths Curried Sausages' has a supply limit of 36. The quantity in your cart has been reduced accordingly. To purchase a larger quantity, please contact us on 1800 000 610. Please note we do not supply trade orders.",
          "SmallFormatDescription": "Woolworths Curried Sausages",
          "FullDescription": "Woolworths Curried Sausages",
          "IsAvailable": true,
          "InstoreIsAvailable": true,
          "IsPurchasable": true,
          "InstoreIsPurchasable": true,
          "AgeRestricted": false,
          "DisplayQuantity": 1,
          "RichDescription": "Thick slices of beef sausages with onion and carrots in a mild curry sauce. It's curry in a hurry for the hungry!",
          "IsDeliveryPass": false,
          "HideWasSavedPrice": false,
          "SapCategories": null,
          "Brand": "woolworths",
          "IsRestrictedByDeliveryMethod": false,
          "FooterTag": {
            "TagContent": null,
            "TagLink": null,
            "FallbackText": null,
            "TagType": "None",
            "MultibuyData": null
          },
          "IsFooterEnabled": true,
          "Diagnostics": "132",
          "IsBundle": false,
          "IsInFamily": false,
          "ChildProducts": [],
          "UrlOverride": null,
          "AdditionalAttributes": {
            "sapdepartmentname": "FRESH CONVENIENCE",
            "sapdepartmentno": "10",
            "sapcategoryname": "DELI CONVENIENCE",
            "sapcategoryno": "2",
            "sapsubcategoryname": "READY MEALS PRE PACKED",
            "sapsubcategoryno": "263",
            "sapsegmentname": "FAMILY - CLASSIC",
            "sapsegmentno": "37",
            "specialsgroupid": null,
            "PiesProductDepartmentNodeId": "1_6E4F4E4",
            "PiesProductDepartmentsjson": "[{\"Id\":\"1_6E4F4E4\",\"Description\":\"Dairy, Eggs & Fridge\"}]",
            "piesdepartmentnamesjson": "[\"Dairy, Eggs & Fridge\"]",
            "piescategorynamesjson": "[\"Ready to Eat Meals\"]",
            "piessubcategorynamesjson": "[\"Chilled Ready Meals\"]",
            "servingsize-total-nip": null,
            "servingsperpack-total-nip": null,
            "microwaveable": "False",
            "ovencook": "False",
            "vegetarian": "False",
            "freezable": "False",
            "containsnuts": "False",
            "containsgluten": "False",
            "description": "Thick slices of beef sausages with onion and carrots in a mild curry sauce. It's curry in a hurry for the hungry!",
            "ingredients": "Curry Sauce (60%) (Water, Onion (20%), Cream (contains Milk), Carrot (15%), Sugar, Canola Oil, Garlic, Herbs & Spices (incl. Chilli), Ginger, Corn Starch, Yeast Extract, Salt), Beef Sausage (40%) (Beef (71%), Water, Rice Flour, Maize Flour, Salt, Potato Starch, Mineral Salts (450, 451, 452), Spices, Vegetable Powder, Sugar, Natural Flavouring, Spices Extract (incl. Paprika Oleoresins), Anticaking Agent (341), Humectant (422), Edible Collagen Sausage Casing)",
            "nutritionalinformation": "{\"Name\":\"Nutritional Information\",\"Attributes\":[{\"Id\":705,\"Name\":\"Carbohydrate Quantity Per 100g - Total - NIP\",\"Value\":\"Approx.3.5g\",\"Description\":\"Carbohydrate Quantity Per 100g - Total - NIP\",\"SortOrder\":83},{\"Id\":706,\"Name\":\"Carbohydrate Quantity Per Serve - Total - NIP\",\"Value\":\"Approx.7g\",\"Description\":\"Carbohydrate Quantity Per Serve - Total - NIP\",\"SortOrder\":87},{\"Id\":759,\"Name\":\"Energy kJ Quantity Per 100g - Total - NIP\",\"Value\":\"Approx.827kJ\",\"Description\":\"Energy kJ Quantity Per 100g - Total - NIP\",\"SortOrder\":239},{\"Id\":760,\"Name\":\"Energy kJ Quantity Per Serve - Total - NIP\",\"Value\":\"Approx.1650kJ\",\"Description\":\"Energy kJ Quantity Per Serve - Total - NIP\",\"SortOrder\":243},{\"Id\":253,\"Name\":\"Fat Saturated Quantity Per 100g - Total - NIP\",\"Value\":\"Approx.7.2g\",\"Description\":\"Fat Saturated Quantity Per 100g - Total - NIP\",\"SortOrder\":251},{\"Id\":258,\"Name\":\"Fat Saturated Quantity Per Serve - Total - NIP\",\"Value\":\"Approx.14.4g\",\"Description\":\"Fat Saturated Quantity Per Serve - Total - NIP\",\"SortOrder\":255},{\"Id\":764,\"Name\":\"Fat Total Quantity Per 100g - Total - NIP\",\"Value\":\"Approx.15g\",\"Description\":\"Fat Total Quantity Per 100g - Total - NIP\",\"SortOrder\":263},{\"Id\":264,\"Name\":\"Fat Total Quantity Per Serve - Total - NIP\",\"Value\":\"Approx.30g\",\"Description\":\"Fat Total Quantity Per Serve - Total - NIP\",\"SortOrder\":267},{\"Id\":878,\"Name\":\"Protein Quantity Per 100g - Total - NIP\",\"Value\":\"Approx.11.3g\",\"Description\":\"Protein Quantity Per 100g - Total - NIP\",\"SortOrder\":587},{\"Id\":882,\"Name\":\"Protein Quantity Per Serve - Total - NIP\",\"Value\":\"Approx.22.6g\",\"Description\":\"Protein Quantity Per Serve - Total - NIP\",\"SortOrder\":591},{\"Id\":477,\"Name\":\"Serving Size - Total - NIP\",\"Value\":\"200g\",\"Description\":\"Serving Size - Total - NIP\",\"SortOrder\":607},{\"Id\":544,\"Name\":\"Servings Per Pack - Total - NIP\",\"Value\":\"4\",\"Description\":\"Servings Per Pack - Total - NIP\",\"SortOrder\":611},{\"Id\":491,\"Name\":\"Sodium Quantity Per 100g - Total - NIP\",\"Value\":\"Approx.420mg\",\"Description\":\"Sodium Quantity Per 100g - Total - NIP\",\"SortOrder\":623},{\"Id\":495,\"Name\":\"Sodium Quantity Per Serve - Total - NIP\",\"Value\":\"Approx.840mg\",\"Description\":\"Sodium Quantity Per Serve - Total - NIP\",\"SortOrder\":627},{\"Id\":907,\"Name\":\"Sugars Quantity Per 100g - Prefix - NIP\",\"Value\":\"Approx.\",\"Description\":\"Sugars Quantity Per 100g - Prefix - NIP\",\"SortOrder\":645},{\"Id\":908,\"Name\":\"Sugars Quantity Per 100g - SuffixUnits - NIP\",\"Value\":\"g\",\"Description\":\"Sugars Quantity Per 100g - SuffixUnits - NIP\",\"SortOrder\":646},{\"Id\":909,\"Name\":\"Sugars Quantity Per 100g - Total - NIP\",\"Value\":\"Approx.3.1g\",\"Description\":\"Sugars Quantity Per 100g - Total - NIP\",\"SortOrder\":647},{\"Id\":910,\"Name\":\"Sugars Quantity Per 100g - ValueWord - NIP\",\"Value\":\"3.1\",\"Description\":\"Sugars Quantity Per 100g - ValueWord - NIP\",\"SortOrder\":648},{\"Id\":504,\"Name\":\"Sugars Quantity Per Serve - Prefix - NIP\",\"Value\":\"Approx.\",\"Description\":\"Sugars Quantity Per Serve - Prefix - NIP\",\"SortOrder\":649},{\"Id\":911,\"Name\":\"Sugars Quantity Per Serve - SuffixUnits - NIP\",\"Value\":\"g\",\"Description\":\"Sugars Quantity Per Serve - SuffixUnits - NIP\",\"SortOrder\":650},{\"Id\":912,\"Name\":\"Sugars Quantity Per Serve - Total - NIP\",\"Value\":\"Approx.6.2g\",\"Description\":\"Sugars Quantity Per Serve - Total - NIP\",\"SortOrder\":651},{\"Id\":572,\"Name\":\"Sugars Quantity Per Serve - ValueWord - NIP\",\"Value\":\"6.2\",\"Description\":\"Sugars Quantity Per Serve - ValueWord - NIP\",\"SortOrder\":652}]}",
            "storageinstructions": "Suitable for Home Freezing. Keep Refrigerated",
            "usageinstructions": null,
            "brand": "woolworths",
            "manufacturer": null,
            "countryoforigin": null,
            "productheightmm": null,
            "productwidthmm": null,
            "productdepthmm": null,
            "wool_productpackaging": null,
            "recyclableinformation": null,
            "importantinformation": null,
            "allergencontains": "Milk",
            "allergenmaybepresent": "Peanuts, Tree Nuts, Egg, Soy, Fish, Crustacean, Gluten",
            "allergystatement": "No Artificial Colours or Flavours",
            "lifestyleanddietarystatement": "Source of Protein",
            "lifestyleclaim": null,
            "wool_dietaryclaim": "Free From Artificial Colour\rFree From Artificial Flavour",
            "boxedcontents": null,
            "suitablefor": null,
            "fragrance": null,
            "colour": null,
            "antioxidant": "False",
            "addedvitaminsandminerals": "False",
            "bpafree": "False",
            "sulfatefree": "False",
            "parabenfree": "False",
            "claims": null,
            "alcoholfree": null,
            "anti-dandruff": null,
            "dermatologicallyapproved": null,
            "dermatologistrecommended": null,
            "dermatologisttested": null,
            "fragrance-free": null,
            "haircolour": null,
            "hairtype": null,
            "hypo-allergenic": null,
            "non-comedogenic": null,
            "oilfree": null,
            "ophthalmologistapproved": null,
            "ophthalmologisttested": null,
            "paba-free": null,
            "skincondition": null,
            "skintype": null,
            "soap-free": null,
            "spf": null,
            "sweatresistant": null,
            "timer": null,
            "waterresistant": null,
            "phbalanced": null,
            "antiseptic": "False",
            "antibacterial": "False",
            "activeconstituents": null,
            "contains": null,
            "microwavesafe": "False",
            "productimagecount": "4",
            "friendlydisclaimer": null,
            "productimages": "674327.jpg,674327_1.jpg,674327_2.jpg,674327_6.jpg",
            "healthstarrating": "3.5",
            "tgawarnings": null,
            "vendorarticleid": null,
            "vendorcostprice": null,
            "tgawarning": null
          },
          "DetailsImagePaths": [
            "https://cdn0.woolworths.media/content/wowproductimages/large/674327.jpg",
            "https://cdn0.woolworths.media/content/wowproductimages/large/674327_1.jpg",
            "https://cdn0.woolworths.media/content/wowproductimages/large/674327_2.jpg",
            "https://cdn0.woolworths.media/content/wowproductimages/large/674327_6.jpg"
          ],
          "Variety": "sausages",
          "Rating": {
            "ReviewCount": 0,
            "RatingCount": 0,
            "RatingSum": 0,
            "OneStarCount": 0,
            "TwoStarCount": 0,
            "ThreeStarCount": 0,
            "FourStarCount": 0,
            "FiveStarCount": 0,
            "Average": 0,
            "OneStarPercentage": 0,
            "TwoStarPercentage": 0,
            "ThreeStarPercentage": 0,
            "FourStarPercentage": 0,
            "FiveStarPercentage": 0
          },
          "HasProductSubs": false,
          "IsSponsoredAd": false,
          "AdID": null,
          "AdIndex": null,
          "ThirdPartyProductInfo": null,
          "MarketFeatures": null,
          "MarketSpecifications": null
        }
      ],
      "Name": "Woolworths Curried Sausages"
    },
    {
      "Products": [
        {
          "TileID": 0,
          "Stockcode": 681569,
          "Barcode": "9339687040377",
          "GtinFormat": 13,
          "CupPrice": 0.91,
          "InstoreCupPrice": 0.91,
          "CupMeasure": "100G",
          "CupString": "$0.91 / 100G",
          "InstoreCupString": "$0.91 / 100G",
          "HasCupPrice": true,
          "InstoreHasCupPrice": true,
          "Price": 10,
          "InstorePrice": 10,
          "Name": "Woolworths Family Classics Cottage Pie",
          "UrlFriendlyName": "woolworths-family-classics-cottage-pie",
          "Description": " Woolworths Family Classics<br>Cottage Pie 1.1kg",
          "SmallImageFile": "https://cdn0.woolworths.media/content/wowproductimages/small/681569.jpg",
          "MediumImageFile": "https://cdn0.woolworths.media/content/wowproductimages/medium/681569.jpg",
          "LargeImageFile": "https://cdn0.woolworths.media/content/wowproductimages/large/681569.jpg",
          "IsNew": false,
          "IsOnSpecial": false,
          "InstoreIsOnSpecial": false,
          "IsEdrSpecial": false,
          "SavingsAmount": 0,
          "InstoreSavingsAmount": 0,
          "WasPrice": 10,
          "InstoreWasPrice": 10,
          "QuantityInTrolley": 0,
          "Unit": "Each",
          "MinimumQuantity": 1,
          "HasBeenBoughtBefore": false,
          "IsInTrolley": false,
          "Source": "Aisle.DairyEggsFridge",
          "SupplyLimit": 36,
          "IsRanged": false,
          "IsInStock": true,
          "PackageSize": "1.1kg",
          "IsPmDelivery": true,
          "IsForCollection": true,
          "IsForDelivery": true,
          "IsForExpress": false,
          "ProductRestrictionMessage": null,
          "ProductWarningMessage": null,
          "CentreTag": {
            "TagContent": "<span style=\"COLOR: #e2001a\"> Was $12.00 01/05/2018</span>",
            "TagLink": null,
            "FallbackText": null,
            "TagType": "Html",
            "MultibuyData": null
          },
          "IsCentreTag": true,
          "ImageTag": {
            "TagContent": null,
            "TagLink": null,
            "FallbackText": "",
            "TagType": "None",
            "MultibuyData": null
          },
          "HeaderTag": {
            "BackgroundColor": "#fff",
            "BorderColor": "#c20016",
            "TextColor": "#c20016",
            "Content": "<span class=\"u-semibold\">Prices dropped</span>",
            "TagLink": null,
            "Promotion": "PriceDropped"
          },
          "HasHeaderTag": true,
          "UnitWeightInGrams": 1176,
          "SupplyLimitMessage": "'Woolworths Family Classics Cottage Pie' has a supply limit of 36. The quantity in your cart has been reduced accordingly. To purchase a larger quantity, please contact us on 1800 000 610. Please note we do not supply trade orders.",
          "SmallFormatDescription": "Woolworths Family Classics Cottage Pie",
          "FullDescription": "Woolworths Family Classics Cottage Pie",
          "IsAvailable": true,
          "InstoreIsAvailable": true,
          "IsPurchasable": true,
          "InstoreIsPurchasable": true,
          "AgeRestricted": false,
          "DisplayQuantity": 1,
          "RichDescription": "Slice and serve up layers of deliciousness with this ready to please Cottage Pie. Made with ground beef and topped with soft, fluffy potatoes, we'll leave you to soak up the complements that follow each mouthful!",
          "IsDeliveryPass": false,
          "HideWasSavedPrice": false,
          "SapCategories": null,
          "Brand": "woolworths",
          "IsRestrictedByDeliveryMethod": false,
          "FooterTag": {
            "TagContent": "<div class=\"productTag-pricedropped\" style=\"\r\nheight:46px;\r\nposition:absolute;\r\ntop:-4px;\r\nleft:0;\r\nwidth:100%;\r\nbackground:white;\r\noutline: 1px solid #c20016;\r\ntext-align:center;\">\r\n\r\n<img src=\"https://cdn0.woolworths.media/content/content/pricedropped-footer-transparent.png\" width=\"204px\" height=\"16px\" alt=\"Price Dropped\" style=\"display:inline-block;margin-top:15px;max-width: 100%;\">\r\n</div>",
            "TagLink": null,
            "FallbackText": null,
            "TagType": "Html",
            "MultibuyData": null
          },
          "IsFooterEnabled": true,
          "Diagnostics": "133",
          "IsBundle": false,
          "IsInFamily": false,
          "ChildProducts": [],
          "UrlOverride": null,
          "AdditionalAttributes": {
            "sapdepartmentname": "FRESH CONVENIENCE",
            "sapdepartmentno": "10",
            "sapcategoryname": "DELI CONVENIENCE",
            "sapcategoryno": "2",
            "sapsubcategoryname": "READY MEALS PRE PACKED",
            "sapsubcategoryno": "263",
            "sapsegmentname": "FAMILY - CLASSIC",
            "sapsegmentno": "37",
            "specialsgroupid": null,
            "PiesProductDepartmentNodeId": "1_6E4F4E4",
            "PiesProductDepartmentsjson": "[{\"Id\":\"1_6E4F4E4\",\"Description\":\"Dairy, Eggs & Fridge\"}]",
            "piesdepartmentnamesjson": "[\"Dairy, Eggs & Fridge\"]",
            "piescategorynamesjson": "[\"Ready to Eat Meals\"]",
            "piessubcategorynamesjson": "[\"Chilled Ready Meals\"]",
            "servingsize-total-nip": null,
            "servingsperpack-total-nip": null,
            "microwaveable": "False",
            "ovencook": "False",
            "vegetarian": "False",
            "freezable": "False",
            "containsnuts": "False",
            "containsgluten": "False",
            "description": "Slice and serve up layers of deliciousness with this ready to please Cottage Pie. Made with ground beef and topped with soft, fluffy potatoes, we'll leave you to soak up the complements that follow each mouthful!",
            "ingredients": "Mashed Potato (50%) (Potato (81%), Dried Potato, Butter (Milk), Cream (3.5%) (Milk), Salt, Preservative (Nisin (234))), Cottage Pie Base (50%) (Beef (24%), Water, Carrot (14%), Onion (14%), Celery (6%), Corn Starch, Soy Sauce (Soybeans, Wheat), Worcestershire Sauce (contains Acidity Regulator (Citric Acid), Xanthan Gum (415)), Textured Soya Protein (contains Colour (150a)), Tomato Paste, Canola Oil, Beef Flavoured Stock Powder (contains Wheat, Barley, Soybeans), Beef Gelatine, Red Wine Vinegar, Sugar, Thyme, Pepper, Preservative (Nisin (234)))",
            "nutritionalinformation": "{\"Name\":\"Nutritional Information\",\"Attributes\":[{\"Id\":705,\"Name\":\"Carbohydrate Quantity Per 100g - Total - NIP\",\"Value\":\"Approx.13.2g\",\"Description\":\"Carbohydrate Quantity Per 100g - Total - NIP\",\"SortOrder\":83},{\"Id\":706,\"Name\":\"Carbohydrate Quantity Per Serve - Total - NIP\",\"Value\":\"Approx.36.3g\",\"Description\":\"Carbohydrate Quantity Per Serve - Total - NIP\",\"SortOrder\":87},{\"Id\":759,\"Name\":\"Energy kJ Quantity Per 100g - Total - NIP\",\"Value\":\"Approx.548kJ\",\"Description\":\"Energy kJ Quantity Per 100g - Total - NIP\",\"SortOrder\":239},{\"Id\":760,\"Name\":\"Energy kJ Quantity Per Serve - Total - NIP\",\"Value\":\"Approx.1510kJ\",\"Description\":\"Energy kJ Quantity Per Serve - Total - NIP\",\"SortOrder\":243},{\"Id\":253,\"Name\":\"Fat Saturated Quantity Per 100g - Total - NIP\",\"Value\":\"Approx.3.1g\",\"Description\":\"Fat Saturated Quantity Per 100g - Total - NIP\",\"SortOrder\":251},{\"Id\":258,\"Name\":\"Fat Saturated Quantity Per Serve - Total - NIP\",\"Value\":\"Approx.8.5g\",\"Description\":\"Fat Saturated Quantity Per Serve - Total - NIP\",\"SortOrder\":255},{\"Id\":764,\"Name\":\"Fat Total Quantity Per 100g - Total - NIP\",\"Value\":\"Approx.6.2g\",\"Description\":\"Fat Total Quantity Per 100g - Total - NIP\",\"SortOrder\":263},{\"Id\":264,\"Name\":\"Fat Total Quantity Per Serve - Total - NIP\",\"Value\":\"Approx.17.1g\",\"Description\":\"Fat Total Quantity Per Serve - Total - NIP\",\"SortOrder\":267},{\"Id\":878,\"Name\":\"Protein Quantity Per 100g - Total - NIP\",\"Value\":\"Approx.4.8g\",\"Description\":\"Protein Quantity Per 100g - Total - NIP\",\"SortOrder\":587},{\"Id\":882,\"Name\":\"Protein Quantity Per Serve - Total - NIP\",\"Value\":\"Approx.13.2g\",\"Description\":\"Protein Quantity Per Serve - Total - NIP\",\"SortOrder\":591},{\"Id\":477,\"Name\":\"Serving Size - Total - NIP\",\"Value\":\"275g\",\"Description\":\"Serving Size - Total - NIP\",\"SortOrder\":607},{\"Id\":544,\"Name\":\"Servings Per Pack - Total - NIP\",\"Value\":\"4\",\"Description\":\"Servings Per Pack - Total - NIP\",\"SortOrder\":611},{\"Id\":491,\"Name\":\"Sodium Quantity Per 100g - Total - NIP\",\"Value\":\"Approx.248mg\",\"Description\":\"Sodium Quantity Per 100g - Total - NIP\",\"SortOrder\":623},{\"Id\":495,\"Name\":\"Sodium Quantity Per Serve - Total - NIP\",\"Value\":\"Approx.682mg\",\"Description\":\"Sodium Quantity Per Serve - Total - NIP\",\"SortOrder\":627},{\"Id\":907,\"Name\":\"Sugars Quantity Per 100g - Prefix - NIP\",\"Value\":\"Approx.\",\"Description\":\"Sugars Quantity Per 100g - Prefix - NIP\",\"SortOrder\":645},{\"Id\":908,\"Name\":\"Sugars Quantity Per 100g - SuffixUnits - NIP\",\"Value\":\"g\",\"Description\":\"Sugars Quantity Per 100g - SuffixUnits - NIP\",\"SortOrder\":646},{\"Id\":909,\"Name\":\"Sugars Quantity Per 100g - Total - NIP\",\"Value\":\"Approx.1.9g\",\"Description\":\"Sugars Quantity Per 100g - Total - NIP\",\"SortOrder\":647},{\"Id\":910,\"Name\":\"Sugars Quantity Per 100g - ValueWord - NIP\",\"Value\":\"1.9\",\"Description\":\"Sugars Quantity Per 100g - ValueWord - NIP\",\"SortOrder\":648},{\"Id\":504,\"Name\":\"Sugars Quantity Per Serve - Prefix - NIP\",\"Value\":\"Approx.\",\"Description\":\"Sugars Quantity Per Serve - Prefix - NIP\",\"SortOrder\":649},{\"Id\":911,\"Name\":\"Sugars Quantity Per Serve - SuffixUnits - NIP\",\"Value\":\"g\",\"Description\":\"Sugars Quantity Per Serve - SuffixUnits - NIP\",\"SortOrder\":650},{\"Id\":912,\"Name\":\"Sugars Quantity Per Serve - Total - NIP\",\"Value\":\"Approx.5.2g\",\"Description\":\"Sugars Quantity Per Serve - Total - NIP\",\"SortOrder\":651},{\"Id\":572,\"Name\":\"Sugars Quantity Per Serve - ValueWord - NIP\",\"Value\":\"5.2\",\"Description\":\"Sugars Quantity Per Serve - ValueWord - NIP\",\"SortOrder\":652}]}",
            "storageinstructions": "Suitable for Home Freezing",
            "usageinstructions": null,
            "brand": "woolworths",
            "manufacturer": null,
            "countryoforigin": null,
            "productheightmm": null,
            "productwidthmm": null,
            "productdepthmm": null,
            "wool_productpackaging": null,
            "recyclableinformation": null,
            "importantinformation": null,
            "allergencontains": "Soy, Milk, Gluten",
            "allergenmaybepresent": "Peanuts, Tree Nuts, Egg, Fish, Crustacean",
            "allergystatement": "Lupin Free",
            "lifestyleanddietarystatement": "High Protein",
            "lifestyleclaim": null,
            "wool_dietaryclaim": "Free From Artificial Colour\rFree From Artificial Flavour",
            "boxedcontents": null,
            "suitablefor": null,
            "fragrance": null,
            "colour": null,
            "antioxidant": "False",
            "addedvitaminsandminerals": "False",
            "bpafree": "False",
            "sulfatefree": "False",
            "parabenfree": "False",
            "claims": null,
            "alcoholfree": null,
            "anti-dandruff": null,
            "dermatologicallyapproved": null,
            "dermatologistrecommended": null,
            "dermatologisttested": null,
            "fragrance-free": null,
            "haircolour": null,
            "hairtype": null,
            "hypo-allergenic": null,
            "non-comedogenic": null,
            "oilfree": null,
            "ophthalmologistapproved": null,
            "ophthalmologisttested": null,
            "paba-free": null,
            "skincondition": null,
            "skintype": null,
            "soap-free": null,
            "spf": null,
            "sweatresistant": null,
            "timer": null,
            "waterresistant": null,
            "phbalanced": null,
            "antiseptic": "False",
            "antibacterial": "False",
            "activeconstituents": null,
            "contains": null,
            "microwavesafe": "False",
            "productimagecount": "4",
            "friendlydisclaimer": null,
            "productimages": "681569.jpg,681569_6.jpg,681569_1.jpg,681569_7.jpg",
            "healthstarrating": "3.5",
            "tgawarnings": null,
            "vendorarticleid": null,
            "vendorcostprice": null,
            "tgawarning": null
          },
          "DetailsImagePaths": [
            "https://cdn0.woolworths.media/content/wowproductimages/large/681569.jpg",
            "https://cdn0.woolworths.media/content/wowproductimages/large/681569_1.jpg",
            "https://cdn0.woolworths.media/content/wowproductimages/large/681569_6.jpg",
            "https://cdn0.woolworths.media/content/wowproductimages/large/681569_7.jpg"
          ],
          "Variety": "cottage pie",
          "Rating": {
            "ReviewCount": 0,
            "RatingCount": 0,
            "RatingSum": 0,
            "OneStarCount": 0,
            "TwoStarCount": 0,
            "ThreeStarCount": 0,
            "FourStarCount": 0,
            "FiveStarCount": 0,
            "Average": 0,
            "OneStarPercentage": 0,
            "TwoStarPercentage": 0,
            "ThreeStarPercentage": 0,
            "FourStarPercentage": 0,
            "FiveStarPercentage": 0
          },
          "HasProductSubs": false,
          "IsSponsoredAd": false,
          "AdID": null,
          "AdIndex": null,
          "ThirdPartyProductInfo": null,
          "MarketFeatures": null,
          "MarketSpecifications": null
        }
      ],
      "Name": "Woolworths Family Classics Cottage Pie"
    },
    {
      "Products": [
        {
          "TileID": 0,
          "Stockcode": 700518,
          "Barcode": "9300830000494",
          "GtinFormat": 13,
          "CupPrice": 1.33,
          "InstoreCupPrice": 1.33,
          "CupMeasure": "100G",
          "CupString": "$1.33 / 100G",
          "InstoreCupString": "$1.33 / 100G",
          "HasCupPrice": true,
          "InstoreHasCupPrice": true,
          "Price": 10,
          "InstorePrice": 10,
          "Name": "Flora Proactiv Margarine Original",
          "UrlFriendlyName": "flora-proactiv-margarine-original",
          "Description": " Flora Proactiv Margarine<br>Original 750g",
          "SmallImageFile": "https://cdn0.woolworths.media/content/wowproductimages/small/700518.jpg",
          "MediumImageFile": "https://cdn0.woolworths.media/content/wowproductimages/medium/700518.jpg",
          "LargeImageFile": "https://cdn0.woolworths.media/content/wowproductimages/large/700518.jpg",
          "IsNew": false,
          "IsOnSpecial": false,
          "InstoreIsOnSpecial": false,
          "IsEdrSpecial": false,
          "SavingsAmount": 0,
          "InstoreSavingsAmount": 0,
          "WasPrice": 10,
          "InstoreWasPrice": 10,
          "QuantityInTrolley": 0,
          "Unit": "Each",
          "MinimumQuantity": 1,
          "HasBeenBoughtBefore": false,
          "IsInTrolley": false,
          "Source": "Aisle.DairyEggsFridge",
          "SupplyLimit": 36,
          "IsRanged": false,
          "IsInStock": true,
          "PackageSize": "750g",
          "IsPmDelivery": true,
          "IsForCollection": true,
          "IsForDelivery": true,
          "IsForExpress": false,
          "ProductRestrictionMessage": null,
          "ProductWarningMessage": null,
          "CentreTag": {
            "TagContent": null,
            "TagLink": null,
            "FallbackText": null,
            "TagType": "None",
            "MultibuyData": null
          },
          "IsCentreTag": false,
          "ImageTag": {
            "TagContent": "/content/promotiontags/projectbarry-bonusseedling-200x200.png.png",
            "TagLink": null,
            "FallbackText": "Bonus Seedling Kit",
            "TagType": "None",
            "MultibuyData": null
          },
          "HeaderTag": null,
          "HasHeaderTag": false,
          "UnitWeightInGrams": 788,
          "SupplyLimitMessage": "'Flora Proactiv Margarine Original' has a supply limit of 36. The quantity in your cart has been reduced accordingly. To purchase a larger quantity, please contact us on 1800 000 610. Please note we do not supply trade orders.",
          "SmallFormatDescription": "Flora Proactiv Margarine Original",
          "FullDescription": "Flora Proactiv Margarine Original",
          "IsAvailable": true,
          "InstoreIsAvailable": true,
          "IsPurchasable": true,
          "InstoreIsPurchasable": true,
          "AgeRestricted": false,
          "DisplayQuantity": 1,
          "RichDescription": "Flora ProActiv Original with plant Sterols clinically proven to lower cholesterol. <br> This contains 2g of plant sterols, the optimal amount per day proven to lower cholesterol.<br />More than 3g of plant sterols per day do not provide additional benefits. If you are on cholesterol lowering medication please consult your doctor while using Flora ProActiv.",
          "IsDeliveryPass": false,
          "HideWasSavedPrice": false,
          "SapCategories": null,
          "Brand": "flora",
          "IsRestrictedByDeliveryMethod": false,
          "FooterTag": {
            "TagContent": null,
            "TagLink": null,
            "FallbackText": null,
            "TagType": "None",
            "MultibuyData": null
          },
          "IsFooterEnabled": true,
          "Diagnostics": "134",
          "IsBundle": false,
          "IsInFamily": false,
          "ChildProducts": [],
          "UrlOverride": null,
          "AdditionalAttributes": {
            "sapdepartmentname": "FRESH CONVENIENCE",
            "sapdepartmentno": "10",
            "sapcategoryname": "DAIRY - BUTTER & MARGARINE",
            "sapcategoryno": "90",
            "sapsubcategoryname": "DAIRY - BUTTER & MARGARINE",
            "sapsubcategoryno": "892",
            "sapsegmentname": "MARGARINE HEALTHY OVER 500G",
            "sapsegmentno": "3",
            "specialsgroupid": null,
            "PiesProductDepartmentNodeId": "1_6E4F4E4",
            "PiesProductDepartmentsjson": "[{\"Id\":\"1_6E4F4E4\",\"Description\":\"Dairy, Eggs & Fridge\"}]",
            "piesdepartmentnamesjson": "[\"Dairy, Eggs & Fridge\"]",
            "piescategorynamesjson": "[\"Eggs, Butter & Margarine\"]",
            "piessubcategorynamesjson": "[\"Butter & Margarine\"]",
            "servingsize-total-nip": null,
            "servingsperpack-total-nip": null,
            "microwaveable": "False",
            "ovencook": "False",
            "vegetarian": "False",
            "freezable": "False",
            "containsnuts": "False",
            "containsgluten": "False",
            "description": "Flora ProActiv Original with plant Sterols clinically proven to lower cholesterol. <br> This contains 2g of plant sterols, the optimal amount per day proven to lower cholesterol.<br />More than 3g of plant sterols per day do not provide additional benefits. If you are on cholesterol lowering medication please consult your doctor while using Flora ProActiv.",
            "ingredients": "Vegetable Oils, Water, Phytosterol Esters (8% Plant Sterols), Salt, Milk Solids, Emulsifiers (Soy Lecithin, 471), Preservative (202), Food Acid (Lactic Acid), Natural Flavours, Vitamins (A, D), Natural Colour (ß-Carotene)",
            "nutritionalinformation": "{\"Name\":\"Nutritional Information\",\"Attributes\":[{\"Id\":705,\"Name\":\"Carbohydrate Quantity Per 100g - Total - NIP\",\"Value\":\"<1.0g\",\"Description\":\"Carbohydrate Quantity Per 100g - Total - NIP\",\"SortOrder\":83},{\"Id\":706,\"Name\":\"Carbohydrate Quantity Per Serve - Total - NIP\",\"Value\":\"<1.0g\",\"Description\":\"Carbohydrate Quantity Per Serve - Total - NIP\",\"SortOrder\":87},{\"Id\":759,\"Name\":\"Energy kJ Quantity Per 100g - Total - NIP\",\"Value\":\"2390kJ\",\"Description\":\"Energy kJ Quantity Per 100g - Total - NIP\",\"SortOrder\":239},{\"Id\":760,\"Name\":\"Energy kJ Quantity Per Serve - Total - NIP\",\"Value\":\"239kJ\",\"Description\":\"Energy kJ Quantity Per Serve - Total - NIP\",\"SortOrder\":243},{\"Id\":253,\"Name\":\"Fat Saturated Quantity Per 100g - Total - NIP\",\"Value\":\"13.5g\",\"Description\":\"Fat Saturated Quantity Per 100g - Total - NIP\",\"SortOrder\":251},{\"Id\":258,\"Name\":\"Fat Saturated Quantity Per Serve - Total - NIP\",\"Value\":\"1.4g\",\"Description\":\"Fat Saturated Quantity Per Serve - Total - NIP\",\"SortOrder\":255},{\"Id\":764,\"Name\":\"Fat Total Quantity Per 100g - Total - NIP\",\"Value\":\"64.3g\",\"Description\":\"Fat Total Quantity Per 100g - Total - NIP\",\"SortOrder\":263},{\"Id\":264,\"Name\":\"Fat Total Quantity Per Serve - Total - NIP\",\"Value\":\"6.4g\",\"Description\":\"Fat Total Quantity Per Serve - Total - NIP\",\"SortOrder\":267},{\"Id\":878,\"Name\":\"Protein Quantity Per 100g - Total - NIP\",\"Value\":\"<1.0g\",\"Description\":\"Protein Quantity Per 100g - Total - NIP\",\"SortOrder\":587},{\"Id\":882,\"Name\":\"Protein Quantity Per Serve - Total - NIP\",\"Value\":\"<1.0g\",\"Description\":\"Protein Quantity Per Serve - Total - NIP\",\"SortOrder\":591},{\"Id\":477,\"Name\":\"Serving Size - Total - NIP\",\"Value\":\"10g\",\"Description\":\"Serving Size - Total - NIP\",\"SortOrder\":607},{\"Id\":544,\"Name\":\"Servings Per Pack - Total - NIP\",\"Value\":\"75\",\"Description\":\"Servings Per Pack - Total - NIP\",\"SortOrder\":611},{\"Id\":491,\"Name\":\"Sodium Quantity Per 100g - Total - NIP\",\"Value\":\"27mg\",\"Description\":\"Sodium Quantity Per 100g - Total - NIP\",\"SortOrder\":623},{\"Id\":495,\"Name\":\"Sodium Quantity Per Serve - Total - NIP\",\"Value\":\"3mg\",\"Description\":\"Sodium Quantity Per Serve - Total - NIP\",\"SortOrder\":627},{\"Id\":907,\"Name\":\"Sugars Quantity Per 100g - Prefix - NIP\",\"Value\":\"<\",\"Description\":\"Sugars Quantity Per 100g - Prefix - NIP\",\"SortOrder\":645},{\"Id\":908,\"Name\":\"Sugars Quantity Per 100g - SuffixUnits - NIP\",\"Value\":\"g\",\"Description\":\"Sugars Quantity Per 100g - SuffixUnits - NIP\",\"SortOrder\":646},{\"Id\":909,\"Name\":\"Sugars Quantity Per 100g - Total - NIP\",\"Value\":\"<1.0g\",\"Description\":\"Sugars Quantity Per 100g - Total - NIP\",\"SortOrder\":647},{\"Id\":910,\"Name\":\"Sugars Quantity Per 100g - ValueWord - NIP\",\"Value\":\"1.0\",\"Description\":\"Sugars Quantity Per 100g - ValueWord - NIP\",\"SortOrder\":648},{\"Id\":504,\"Name\":\"Sugars Quantity Per Serve - Prefix - NIP\",\"Value\":\"<\",\"Description\":\"Sugars Quantity Per Serve - Prefix - NIP\",\"SortOrder\":649},{\"Id\":911,\"Name\":\"Sugars Quantity Per Serve - SuffixUnits - NIP\",\"Value\":\"g\",\"Description\":\"Sugars Quantity Per Serve - SuffixUnits - NIP\",\"SortOrder\":650},{\"Id\":912,\"Name\":\"Sugars Quantity Per Serve - Total - NIP\",\"Value\":\"<1.0g\",\"Description\":\"Sugars Quantity Per Serve - Total - NIP\",\"SortOrder\":651},{\"Id\":572,\"Name\":\"Sugars Quantity Per Serve - ValueWord - NIP\",\"Value\":\"1.0\",\"Description\":\"Sugars Quantity Per Serve - ValueWord - NIP\",\"SortOrder\":652}]}",
            "storageinstructions": "Keep refrigerated.",
            "usageinstructions": null,
            "brand": "flora",
            "manufacturer": null,
            "countryoforigin": null,
            "productheightmm": null,
            "productwidthmm": null,
            "productdepthmm": null,
            "wool_productpackaging": null,
            "recyclableinformation": null,
            "importantinformation": null,
            "allergencontains": "Soy, Milk",
            "allergenmaybepresent": null,
            "allergystatement": "No Artificial Colours or Flavours",
            "lifestyleanddietarystatement": "Low Salt",
            "lifestyleclaim": null,
            "wool_dietaryclaim": "Free from artificial flavour. Free from artificial colour",
            "boxedcontents": null,
            "suitablefor": "Cooking and baking",
            "fragrance": null,
            "colour": null,
            "antioxidant": "False",
            "addedvitaminsandminerals": "False",
            "bpafree": "False",
            "sulfatefree": "False",
            "parabenfree": "False",
            "claims": null,
            "alcoholfree": null,
            "anti-dandruff": null,
            "dermatologicallyapproved": null,
            "dermatologistrecommended": null,
            "dermatologisttested": null,
            "fragrance-free": null,
            "haircolour": null,
            "hairtype": null,
            "hypo-allergenic": null,
            "non-comedogenic": null,
            "oilfree": null,
            "ophthalmologistapproved": null,
            "ophthalmologisttested": null,
            "paba-free": null,
            "skincondition": null,
            "skintype": null,
            "soap-free": null,
            "spf": null,
            "sweatresistant": null,
            "timer": null,
            "waterresistant": null,
            "phbalanced": null,
            "antiseptic": "False",
            "antibacterial": "False",
            "activeconstituents": null,
            "contains": null,
            "microwavesafe": "False",
            "productimagecount": "4",
            "friendlydisclaimer": null,
            "productimages": "700518_1.jpg,700518.jpg,700518_2.jpg,700518_7.jpg",
            "healthstarrating": "3.5",
            "tgawarnings": null,
            "vendorarticleid": null,
            "vendorcostprice": null,
            "tgawarning": null
          },
          "DetailsImagePaths": [
            "https://cdn0.woolworths.media/content/wowproductimages/large/700518.jpg",
            "https://cdn0.woolworths.media/content/wowproductimages/large/700518_1.jpg",
            "https://cdn0.woolworths.media/content/wowproductimages/large/700518_2.jpg",
            "https://cdn0.woolworths.media/content/wowproductimages/large/700518_7.jpg"
          ],
          "Variety": "original",
          "Rating": {
            "ReviewCount": 0,
            "RatingCount": 0,
            "RatingSum": 0,
            "OneStarCount": 0,
            "TwoStarCount": 0,
            "ThreeStarCount": 0,
            "FourStarCount": 0,
            "FiveStarCount": 0,
            "Average": 0,
            "OneStarPercentage": 0,
            "TwoStarPercentage": 0,
            "ThreeStarPercentage": 0,
            "FourStarPercentage": 0,
            "FiveStarPercentage": 0
          },
          "HasProductSubs": false,
          "IsSponsoredAd": false,
          "AdID": null,
          "AdIndex": null,
          "ThirdPartyProductInfo": null,
          "MarketFeatures": null,
          "MarketSpecifications": null
        }
      ],
      "Name": "Flora Proactiv Margarine Original"
    },
    {
      "Products": [
        {
          "TileID": 0,
          "Stockcode": 763453,
          "Barcode": "9300830018635",
          "GtinFormat": 13,
          "CupPrice": 1.33,
          "InstoreCupPrice": 1.33,
          "CupMeasure": "100G",
          "CupString": "$1.33 / 100G",
          "InstoreCupString": "$1.33 / 100G",
          "HasCupPrice": true,
          "InstoreHasCupPrice": true,
          "Price": 10,
          "InstorePrice": 10,
          "Name": "Flora Proactiv Margarine Buttery",
          "UrlFriendlyName": "flora-proactiv-margarine-buttery",
          "Description": " Flora Proactiv Margarine<br>Buttery 750g",
          "SmallImageFile": "https://cdn0.woolworths.media/content/wowproductimages/small/763453.jpg",
          "MediumImageFile": "https://cdn0.woolworths.media/content/wowproductimages/medium/763453.jpg",
          "LargeImageFile": "https://cdn0.woolworths.media/content/wowproductimages/large/763453.jpg",
          "IsNew": false,
          "IsOnSpecial": false,
          "InstoreIsOnSpecial": false,
          "IsEdrSpecial": false,
          "SavingsAmount": 0,
          "InstoreSavingsAmount": 0,
          "WasPrice": 10,
          "InstoreWasPrice": 10,
          "QuantityInTrolley": 0,
          "Unit": "Each",
          "MinimumQuantity": 1,
          "HasBeenBoughtBefore": false,
          "IsInTrolley": false,
          "Source": "Aisle.DairyEggsFridge",
          "SupplyLimit": 36,
          "IsRanged": false,
          "IsInStock": true,
          "PackageSize": "750g",
          "IsPmDelivery": true,
          "IsForCollection": true,
          "IsForDelivery": true,
          "IsForExpress": false,
          "ProductRestrictionMessage": null,
          "ProductWarningMessage": null,
          "CentreTag": {
            "TagContent": null,
            "TagLink": null,
            "FallbackText": null,
            "TagType": "None",
            "MultibuyData": null
          },
          "IsCentreTag": false,
          "ImageTag": {
            "TagContent": "/content/promotiontags/projectbarry-bonusseedling-200x200.png.png",
            "TagLink": null,
            "FallbackText": "Bonus Seedling Kit",
            "TagType": "None",
            "MultibuyData": null
          },
          "HeaderTag": null,
          "HasHeaderTag": false,
          "UnitWeightInGrams": 788,
          "SupplyLimitMessage": "'Flora Proactiv Margarine Buttery' has a supply limit of 36. The quantity in your cart has been reduced accordingly. To purchase a larger quantity, please contact us on 1800 000 610. Please note we do not supply trade orders.",
          "SmallFormatDescription": "Flora Proactiv Margarine Buttery",
          "FullDescription": "Flora Proactiv Margarine Buttery",
          "IsAvailable": true,
          "InstoreIsAvailable": true,
          "IsPurchasable": true,
          "InstoreIsPurchasable": true,
          "AgeRestricted": false,
          "DisplayQuantity": 1,
          "RichDescription": "Flora ProActiv Buttery with real buttermilk and with plant sterols clinically proven to lower cholesterol. <br> This contains 2g of plant sterols, the optimal amount per day proven to lower cholesterol.<br />More than 3g of plant sterols per day do not provide additional benefits. If you are on cholesterol lowering medication please consult your doctor while using Flora ProActiv.",
          "IsDeliveryPass": false,
          "HideWasSavedPrice": false,
          "SapCategories": null,
          "Brand": "flora",
          "IsRestrictedByDeliveryMethod": false,
          "FooterTag": {
            "TagContent": null,
            "TagLink": null,
            "FallbackText": null,
            "TagType": "None",
            "MultibuyData": null
          },
          "IsFooterEnabled": true,
          "Diagnostics": "135",
          "IsBundle": false,
          "IsInFamily": false,
          "ChildProducts": [],
          "UrlOverride": null,
          "AdditionalAttributes": {
            "sapdepartmentname": "FRESH CONVENIENCE",
            "sapdepartmentno": "10",
            "sapcategoryname": "DAIRY - BUTTER & MARGARINE",
            "sapcategoryno": "90",
            "sapsubcategoryname": "DAIRY - BUTTER & MARGARINE",
            "sapsubcategoryno": "892",
            "sapsegmentname": "MARGARINE HEALTHY OVER 500G",
            "sapsegmentno": "3",
            "specialsgroupid": null,
            "PiesProductDepartmentNodeId": "1_6E4F4E4",
            "PiesProductDepartmentsjson": "[{\"Id\":\"1_6E4F4E4\",\"Description\":\"Dairy, Eggs & Fridge\"}]",
            "piesdepartmentnamesjson": "[\"Dairy, Eggs & Fridge\"]",
            "piescategorynamesjson": "[\"Eggs, Butter & Margarine\"]",
            "piessubcategorynamesjson": "[\"Butter & Margarine\"]",
            "servingsize-total-nip": null,
            "servingsperpack-total-nip": null,
            "microwaveable": "False",
            "ovencook": "False",
            "vegetarian": "False",
            "freezable": "False",
            "containsnuts": "False",
            "containsgluten": "False",
            "description": "Flora ProActiv Buttery with real buttermilk and with plant sterols clinically proven to lower cholesterol. <br> This contains 2g of plant sterols, the optimal amount per day proven to lower cholesterol.<br />More than 3g of plant sterols per day do not provide additional benefits. If you are on cholesterol lowering medication please consult your doctor while using Flora ProActiv.",
            "ingredients": "Vegetable Oils, Water, Buttermilk (8%), Phytosterol Esters (8% Plant Sterols), Salt, Emulsifiers (471, Soy Lecithin), Food Acid (Lactic Acid), Natural Flavours, Preservative (202), Vitamins (A, D), Natural Colour (ß-Carotene)",
            "nutritionalinformation": "{\"Name\":\"Nutritional Information\",\"Attributes\":[{\"Id\":705,\"Name\":\"Carbohydrate Quantity Per 100g - Total - NIP\",\"Value\":\"<1.0g\",\"Description\":\"Carbohydrate Quantity Per 100g - Total - NIP\",\"SortOrder\":83},{\"Id\":706,\"Name\":\"Carbohydrate Quantity Per Serve - Total - NIP\",\"Value\":\"<1.0g\",\"Description\":\"Carbohydrate Quantity Per Serve - Total - NIP\",\"SortOrder\":87},{\"Id\":759,\"Name\":\"Energy kJ Quantity Per 100g - Total - NIP\",\"Value\":\"2410kJ\",\"Description\":\"Energy kJ Quantity Per 100g - Total - NIP\",\"SortOrder\":239},{\"Id\":760,\"Name\":\"Energy kJ Quantity Per Serve - Total - NIP\",\"Value\":\"241kJ\",\"Description\":\"Energy kJ Quantity Per Serve - Total - NIP\",\"SortOrder\":243},{\"Id\":253,\"Name\":\"Fat Saturated Quantity Per 100g - Total - NIP\",\"Value\":\"13.9g\",\"Description\":\"Fat Saturated Quantity Per 100g - Total - NIP\",\"SortOrder\":251},{\"Id\":258,\"Name\":\"Fat Saturated Quantity Per Serve - Total - NIP\",\"Value\":\"1.4g\",\"Description\":\"Fat Saturated Quantity Per Serve - Total - NIP\",\"SortOrder\":255},{\"Id\":764,\"Name\":\"Fat Total Quantity Per 100g - Total - NIP\",\"Value\":\"64.7g\",\"Description\":\"Fat Total Quantity Per 100g - Total - NIP\",\"SortOrder\":263},{\"Id\":264,\"Name\":\"Fat Total Quantity Per Serve - Total - NIP\",\"Value\":\"6.5g\",\"Description\":\"Fat Total Quantity Per Serve - Total - NIP\",\"SortOrder\":267},{\"Id\":878,\"Name\":\"Protein Quantity Per 100g - Total - NIP\",\"Value\":\"<1.0g\",\"Description\":\"Protein Quantity Per 100g - Total - NIP\",\"SortOrder\":587},{\"Id\":882,\"Name\":\"Protein Quantity Per Serve - Total - NIP\",\"Value\":\"<1.0g\",\"Description\":\"Protein Quantity Per Serve - Total - NIP\",\"SortOrder\":591},{\"Id\":477,\"Name\":\"Serving Size - Total - NIP\",\"Value\":\"10g\",\"Description\":\"Serving Size - Total - NIP\",\"SortOrder\":607},{\"Id\":544,\"Name\":\"Servings Per Pack - Total - NIP\",\"Value\":\"75\",\"Description\":\"Servings Per Pack - Total - NIP\",\"SortOrder\":611},{\"Id\":491,\"Name\":\"Sodium Quantity Per 100g - Total - NIP\",\"Value\":\"360mg\",\"Description\":\"Sodium Quantity Per 100g - Total - NIP\",\"SortOrder\":623},{\"Id\":495,\"Name\":\"Sodium Quantity Per Serve - Total - NIP\",\"Value\":\"36mg\",\"Description\":\"Sodium Quantity Per Serve - Total - NIP\",\"SortOrder\":627},{\"Id\":907,\"Name\":\"Sugars Quantity Per 100g - Prefix - NIP\",\"Value\":\"<\",\"Description\":\"Sugars Quantity Per 100g - Prefix - NIP\",\"SortOrder\":645},{\"Id\":908,\"Name\":\"Sugars Quantity Per 100g - SuffixUnits - NIP\",\"Value\":\"g\",\"Description\":\"Sugars Quantity Per 100g - SuffixUnits - NIP\",\"SortOrder\":646},{\"Id\":909,\"Name\":\"Sugars Quantity Per 100g - Total - NIP\",\"Value\":\"<1.0g\",\"Description\":\"Sugars Quantity Per 100g - Total - NIP\",\"SortOrder\":647},{\"Id\":910,\"Name\":\"Sugars Quantity Per 100g - ValueWord - NIP\",\"Value\":\"1.0\",\"Description\":\"Sugars Quantity Per 100g - ValueWord - NIP\",\"SortOrder\":648},{\"Id\":504,\"Name\":\"Sugars Quantity Per Serve - Prefix - NIP\",\"Value\":\"<\",\"Description\":\"Sugars Quantity Per Serve - Prefix - NIP\",\"SortOrder\":649},{\"Id\":911,\"Name\":\"Sugars Quantity Per Serve - SuffixUnits - NIP\",\"Value\":\"g\",\"Description\":\"Sugars Quantity Per Serve - SuffixUnits - NIP\",\"SortOrder\":650},{\"Id\":912,\"Name\":\"Sugars Quantity Per Serve - Total - NIP\",\"Value\":\"<1.0g\",\"Description\":\"Sugars Quantity Per Serve - Total - NIP\",\"SortOrder\":651},{\"Id\":572,\"Name\":\"Sugars Quantity Per Serve - ValueWord - NIP\",\"Value\":\"1.0\",\"Description\":\"Sugars Quantity Per Serve - ValueWord - NIP\",\"SortOrder\":652}]}",
            "storageinstructions": "Keep refrigerated.",
            "usageinstructions": null,
            "brand": "flora",
            "manufacturer": null,
            "countryoforigin": null,
            "productheightmm": null,
            "productwidthmm": null,
            "productdepthmm": null,
            "wool_productpackaging": null,
            "recyclableinformation": null,
            "importantinformation": null,
            "allergencontains": "Soy, Milk",
            "allergenmaybepresent": null,
            "allergystatement": "No Artificial Colours or Flavours",
            "lifestyleanddietarystatement": "Gluten Free",
            "lifestyleclaim": null,
            "wool_dietaryclaim": "Free from artificial colour. Free from artificial flavour",
            "boxedcontents": null,
            "suitablefor": null,
            "fragrance": null,
            "colour": null,
            "antioxidant": "False",
            "addedvitaminsandminerals": "False",
            "bpafree": "False",
            "sulfatefree": "False",
            "parabenfree": "False",
            "claims": null,
            "alcoholfree": null,
            "anti-dandruff": null,
            "dermatologicallyapproved": null,
            "dermatologistrecommended": null,
            "dermatologisttested": null,
            "fragrance-free": null,
            "haircolour": null,
            "hairtype": null,
            "hypo-allergenic": null,
            "non-comedogenic": null,
            "oilfree": null,
            "ophthalmologistapproved": null,
            "ophthalmologisttested": null,
            "paba-free": null,
            "skincondition": null,
            "skintype": null,
            "soap-free": null,
            "spf": null,
            "sweatresistant": null,
            "timer": null,
            "waterresistant": null,
            "phbalanced": null,
            "antiseptic": "False",
            "antibacterial": "False",
            "activeconstituents": null,
            "contains": null,
            "microwavesafe": "False",
            "productimagecount": "4",
            "friendlydisclaimer": null,
            "productimages": "763453_1.jpg,763453.jpg,763453_2.jpg,763453_7.jpg",
            "healthstarrating": "3.5",
            "tgawarnings": null,
            "vendorarticleid": null,
            "vendorcostprice": null,
            "tgawarning": null
          },
          "DetailsImagePaths": [
            "https://cdn0.woolworths.media/content/wowproductimages/large/763453.jpg",
            "https://cdn0.woolworths.media/content/wowproductimages/large/763453_1.jpg",
            "https://cdn0.woolworths.media/content/wowproductimages/large/763453_2.jpg",
            "https://cdn0.woolworths.media/content/wowproductimages/large/763453_7.jpg"
          ],
          "Variety": "buttery",
          "Rating": {
            "ReviewCount": 0,
            "RatingCount": 0,
            "RatingSum": 0,
            "OneStarCount": 0,
            "TwoStarCount": 0,
            "ThreeStarCount": 0,
            "FourStarCount": 0,
            "FiveStarCount": 0,
            "Average": 0,
            "OneStarPercentage": 0,
            "TwoStarPercentage": 0,
            "ThreeStarPercentage": 0,
            "FourStarPercentage": 0,
            "FiveStarPercentage": 0
          },
          "HasProductSubs": false,
          "IsSponsoredAd": false,
          "AdID": null,
          "AdIndex": null,
          "ThirdPartyProductInfo": null,
          "MarketFeatures": null,
          "MarketSpecifications": null
        }
      ],
      "Name": "Flora Proactiv Margarine Buttery"
    },
    {
      "Products": [
        {
          "TileID": 0,
          "Stockcode": 768519,
          "Barcode": "9300830019311",
          "GtinFormat": 13,
          "CupPrice": 1.33,
          "InstoreCupPrice": 1.33,
          "CupMeasure": "100G",
          "CupString": "$1.33 / 100G",
          "InstoreCupString": "$1.33 / 100G",
          "HasCupPrice": true,
          "InstoreHasCupPrice": true,
          "Price": 10,
          "InstorePrice": 10,
          "Name": "Flora Proactiv Light Margarine",
          "UrlFriendlyName": "flora-proactiv-light-margarine",
          "Description": " Flora Proactiv Light<br>Margarine 750g",
          "SmallImageFile": "https://cdn0.woolworths.media/content/wowproductimages/small/768519.jpg",
          "MediumImageFile": "https://cdn0.woolworths.media/content/wowproductimages/medium/768519.jpg",
          "LargeImageFile": "https://cdn0.woolworths.media/content/wowproductimages/large/768519.jpg",
          "IsNew": false,
          "IsOnSpecial": false,
          "InstoreIsOnSpecial": false,
          "IsEdrSpecial": false,
          "SavingsAmount": 0,
          "InstoreSavingsAmount": 0,
          "WasPrice": 10,
          "InstoreWasPrice": 10,
          "QuantityInTrolley": 0,
          "Unit": "Each",
          "MinimumQuantity": 1,
          "HasBeenBoughtBefore": false,
          "IsInTrolley": false,
          "Source": "Aisle.DairyEggsFridge",
          "SupplyLimit": 36,
          "IsRanged": false,
          "IsInStock": true,
          "PackageSize": "750g",
          "IsPmDelivery": true,
          "IsForCollection": true,
          "IsForDelivery": true,
          "IsForExpress": false,
          "ProductRestrictionMessage": null,
          "ProductWarningMessage": null,
          "CentreTag": {
            "TagContent": null,
            "TagLink": null,
            "FallbackText": null,
            "TagType": "None",
            "MultibuyData": null
          },
          "IsCentreTag": false,
          "ImageTag": {
            "TagContent": "/content/promotiontags/projectbarry-bonusseedling-200x200.png.png",
            "TagLink": null,
            "FallbackText": "Bonus Seedling Kit",
            "TagType": "None",
            "MultibuyData": null
          },
          "HeaderTag": null,
          "HasHeaderTag": false,
          "UnitWeightInGrams": 784,
          "SupplyLimitMessage": "'Flora Proactiv Light Margarine' has a supply limit of 36. The quantity in your cart has been reduced accordingly. To purchase a larger quantity, please contact us on 1800 000 610. Please note we do not supply trade orders.",
          "SmallFormatDescription": "Flora Proactiv Light Margarine",
          "FullDescription": "Flora Proactiv Light Margarine",
          "IsAvailable": true,
          "InstoreIsAvailable": true,
          "IsPurchasable": true,
          "InstoreIsPurchasable": true,
          "AgeRestricted": false,
          "DisplayQuantity": 1,
          "RichDescription": "Flora ProActiv Light is 50% less fat and with plant sterols clinically proven to lower cholesterol. <br> This contains 2g of plant sterols, the optimal amount per day proven to lower cholesterol.<br />More than 3g of plant sterols per day do not provide additional benefits. If you are on cholesterol lowering medication please consult your doctor while using Flora ProActiv.",
          "IsDeliveryPass": false,
          "HideWasSavedPrice": false,
          "SapCategories": null,
          "Brand": "flora",
          "IsRestrictedByDeliveryMethod": false,
          "FooterTag": {
            "TagContent": null,
            "TagLink": null,
            "FallbackText": null,
            "TagType": "None",
            "MultibuyData": null
          },
          "IsFooterEnabled": true,
          "Diagnostics": "136",
          "IsBundle": false,
          "IsInFamily": false,
          "ChildProducts": [],
          "UrlOverride": null,
          "AdditionalAttributes": {
            "sapdepartmentname": "FRESH CONVENIENCE",
            "sapdepartmentno": "10",
            "sapcategoryname": "DAIRY - BUTTER & MARGARINE",
            "sapcategoryno": "90",
            "sapsubcategoryname": "DAIRY - BUTTER & MARGARINE",
            "sapsubcategoryno": "892",
            "sapsegmentname": "MARGARINE HEALTHY OVER 500G",
            "sapsegmentno": "3",
            "specialsgroupid": null,
            "PiesProductDepartmentNodeId": "1_6E4F4E4",
            "PiesProductDepartmentsjson": "[{\"Id\":\"1_6E4F4E4\",\"Description\":\"Dairy, Eggs & Fridge\"}]",
            "piesdepartmentnamesjson": "[\"Dairy, Eggs & Fridge\"]",
            "piescategorynamesjson": "[\"Eggs, Butter & Margarine\"]",
            "piessubcategorynamesjson": "[\"Butter & Margarine\"]",
            "servingsize-total-nip": null,
            "servingsperpack-total-nip": null,
            "microwaveable": "False",
            "ovencook": "False",
            "vegetarian": "False",
            "freezable": "False",
            "containsnuts": "False",
            "containsgluten": "False",
            "description": "Flora ProActiv Light is 50% less fat and with plant sterols clinically proven to lower cholesterol. <br> This contains 2g of plant sterols, the optimal amount per day proven to lower cholesterol.<br />More than 3g of plant sterols per day do not provide additional benefits. If you are on cholesterol lowering medication please consult your doctor while using Flora ProActiv.",
            "ingredients": "Water, Vegetable Oils, Phytosterol Esters (8% Plant Sterols), Gelatin, Salt, Emulsifiers (471, Soy Lecithin), Milk Solids, Food Acid (Lactic Acid), Preservative (202), Natural Flavours, Vitamins (A, D), Natural Colour (ß-Carotene)",
            "nutritionalinformation": "{\"Name\":\"Nutritional Information\",\"Attributes\":[{\"Id\":705,\"Name\":\"Carbohydrate Quantity Per 100g - Total - NIP\",\"Value\":\"1.9g\",\"Description\":\"Carbohydrate Quantity Per 100g - Total - NIP\",\"SortOrder\":83},{\"Id\":706,\"Name\":\"Carbohydrate Quantity Per Serve - Total - NIP\",\"Value\":\"0.2g\",\"Description\":\"Carbohydrate Quantity Per Serve - Total - NIP\",\"SortOrder\":87},{\"Id\":759,\"Name\":\"Energy kJ Quantity Per 100g - Total - NIP\",\"Value\":\"1540kJ\",\"Description\":\"Energy kJ Quantity Per 100g - Total - NIP\",\"SortOrder\":239},{\"Id\":760,\"Name\":\"Energy kJ Quantity Per Serve - Total - NIP\",\"Value\":\"154kJ\",\"Description\":\"Energy kJ Quantity Per Serve - Total - NIP\",\"SortOrder\":243},{\"Id\":253,\"Name\":\"Fat Saturated Quantity Per 100g - Total - NIP\",\"Value\":\"9.0g\",\"Description\":\"Fat Saturated Quantity Per 100g - Total - NIP\",\"SortOrder\":251},{\"Id\":258,\"Name\":\"Fat Saturated Quantity Per Serve - Total - NIP\",\"Value\":\"0.9g\",\"Description\":\"Fat Saturated Quantity Per Serve - Total - NIP\",\"SortOrder\":255},{\"Id\":764,\"Name\":\"Fat Total Quantity Per 100g - Total - NIP\",\"Value\":\"40.5g\",\"Description\":\"Fat Total Quantity Per 100g - Total - NIP\",\"SortOrder\":263},{\"Id\":264,\"Name\":\"Fat Total Quantity Per Serve - Total - NIP\",\"Value\":\"4.1g\",\"Description\":\"Fat Total Quantity Per Serve - Total - NIP\",\"SortOrder\":267},{\"Id\":878,\"Name\":\"Protein Quantity Per 100g - Total - NIP\",\"Value\":\"<0.1g\",\"Description\":\"Protein Quantity Per 100g - Total - NIP\",\"SortOrder\":587},{\"Id\":882,\"Name\":\"Protein Quantity Per Serve - Total - NIP\",\"Value\":\"<0.1g\",\"Description\":\"Protein Quantity Per Serve - Total - NIP\",\"SortOrder\":591},{\"Id\":477,\"Name\":\"Serving Size - Total - NIP\",\"Value\":\"10g\",\"Description\":\"Serving Size - Total - NIP\",\"SortOrder\":607},{\"Id\":544,\"Name\":\"Servings Per Pack - Total - NIP\",\"Value\":\"75\",\"Description\":\"Servings Per Pack - Total - NIP\",\"SortOrder\":611},{\"Id\":491,\"Name\":\"Sodium Quantity Per 100g - Total - NIP\",\"Value\":\"38mg\",\"Description\":\"Sodium Quantity Per 100g - Total - NIP\",\"SortOrder\":623},{\"Id\":495,\"Name\":\"Sodium Quantity Per Serve - Total - NIP\",\"Value\":\"4mg\",\"Description\":\"Sodium Quantity Per Serve - Total - NIP\",\"SortOrder\":627},{\"Id\":908,\"Name\":\"Sugars Quantity Per 100g - SuffixUnits - NIP\",\"Value\":\"g\",\"Description\":\"Sugars Quantity Per 100g - SuffixUnits - NIP\",\"SortOrder\":646},{\"Id\":909,\"Name\":\"Sugars Quantity Per 100g - Total - NIP\",\"Value\":\"0.1g\",\"Description\":\"Sugars Quantity Per 100g - Total - NIP\",\"SortOrder\":647},{\"Id\":910,\"Name\":\"Sugars Quantity Per 100g - ValueWord - NIP\",\"Value\":\"0.1\",\"Description\":\"Sugars Quantity Per 100g - ValueWord - NIP\",\"SortOrder\":648},{\"Id\":504,\"Name\":\"Sugars Quantity Per Serve - Prefix - NIP\",\"Value\":\"<\",\"Description\":\"Sugars Quantity Per Serve - Prefix - NIP\",\"SortOrder\":649},{\"Id\":911,\"Name\":\"Sugars Quantity Per Serve - SuffixUnits - NIP\",\"Value\":\"g\",\"Description\":\"Sugars Quantity Per Serve - SuffixUnits - NIP\",\"SortOrder\":650},{\"Id\":912,\"Name\":\"Sugars Quantity Per Serve - Total - NIP\",\"Value\":\"<0.1g\",\"Description\":\"Sugars Quantity Per Serve - Total - NIP\",\"SortOrder\":651},{\"Id\":572,\"Name\":\"Sugars Quantity Per Serve - ValueWord - NIP\",\"Value\":\"0.1\",\"Description\":\"Sugars Quantity Per Serve - ValueWord - NIP\",\"SortOrder\":652}]}",
            "storageinstructions": "Keep refrigerated.",
            "usageinstructions": null,
            "brand": "flora",
            "manufacturer": null,
            "countryoforigin": null,
            "productheightmm": null,
            "productwidthmm": null,
            "productdepthmm": null,
            "wool_productpackaging": null,
            "recyclableinformation": null,
            "importantinformation": null,
            "allergencontains": "Milk, Preservatives, Soy",
            "allergenmaybepresent": null,
            "allergystatement": "No Artificial Colours or Flavours",
            "lifestyleanddietarystatement": "Low Salt",
            "lifestyleclaim": null,
            "wool_dietaryclaim": "Free from artificial colour. Free from artificial flavour",
            "boxedcontents": null,
            "suitablefor": null,
            "fragrance": null,
            "colour": null,
            "antioxidant": "False",
            "addedvitaminsandminerals": "False",
            "bpafree": "False",
            "sulfatefree": "False",
            "parabenfree": "False",
            "claims": null,
            "alcoholfree": null,
            "anti-dandruff": null,
            "dermatologicallyapproved": null,
            "dermatologistrecommended": null,
            "dermatologisttested": null,
            "fragrance-free": null,
            "haircolour": null,
            "hairtype": null,
            "hypo-allergenic": null,
            "non-comedogenic": null,
            "oilfree": null,
            "ophthalmologistapproved": null,
            "ophthalmologisttested": null,
            "paba-free": null,
            "skincondition": null,
            "skintype": null,
            "soap-free": null,
            "spf": null,
            "sweatresistant": null,
            "timer": null,
            "waterresistant": null,
            "phbalanced": null,
            "antiseptic": "False",
            "antibacterial": "False",
            "activeconstituents": null,
            "contains": null,
            "microwavesafe": "False",
            "productimagecount": "4",
            "friendlydisclaimer": null,
            "productimages": "768519.jpg,768519_1.jpg,768519_2.jpg,768519_7.jpg",
            "healthstarrating": "4.5",
            "tgawarnings": null,
            "vendorarticleid": null,
            "vendorcostprice": null,
            "tgawarning": null
          },
          "DetailsImagePaths": [
            "https://cdn0.woolworths.media/content/wowproductimages/large/768519.jpg",
            "https://cdn0.woolworths.media/content/wowproductimages/large/768519_1.jpg",
            "https://cdn0.woolworths.media/content/wowproductimages/large/768519_2.jpg",
            "https://cdn0.woolworths.media/content/wowproductimages/large/768519_7.jpg"
          ],
          "Variety": "margarine",
          "Rating": {
            "ReviewCount": 0,
            "RatingCount": 0,
            "RatingSum": 0,
            "OneStarCount": 0,
            "TwoStarCount": 0,
            "ThreeStarCount": 0,
            "FourStarCount": 0,
            "FiveStarCount": 0,
            "Average": 0,
            "OneStarPercentage": 0,
            "TwoStarPercentage": 0,
            "ThreeStarPercentage": 0,
            "FourStarPercentage": 0,
            "FiveStarPercentage": 0
          },
          "HasProductSubs": false,
          "IsSponsoredAd": false,
          "AdID": null,
          "AdIndex": null,
          "ThirdPartyProductInfo": null,
          "MarketFeatures": null,
          "MarketSpecifications": null
        }
      ],
      "Name": "Flora Proactiv Light Margarine"
    },
    {
      "Products": [
        {
          "TileID": 0,
          "Stockcode": 824529,
          "Barcode": "9339687081875",
          "GtinFormat": 13,
          "CupPrice": 1.43,
          "InstoreCupPrice": 1.43,
          "CupMeasure": "100G",
          "CupString": "$1.43 / 100G",
          "InstoreCupString": "$1.43 / 100G",
          "HasCupPrice": true,
          "InstoreHasCupPrice": true,
          "Price": 10,
          "InstorePrice": 10,
          "Name": "Woolworths Loaded Mac & Cheese",
          "UrlFriendlyName": "woolworths-loaded-mac-cheese",
          "Description": " Woolworths Loaded Mac &<br>Cheese  700g",
          "SmallImageFile": "https://cdn0.woolworths.media/content/wowproductimages/small/824529.jpg",
          "MediumImageFile": "https://cdn0.woolworths.media/content/wowproductimages/medium/824529.jpg",
          "LargeImageFile": "https://cdn0.woolworths.media/content/wowproductimages/large/824529.jpg",
          "IsNew": false,
          "IsOnSpecial": false,
          "InstoreIsOnSpecial": false,
          "IsEdrSpecial": false,
          "SavingsAmount": 0,
          "InstoreSavingsAmount": 0,
          "WasPrice": 10,
          "InstoreWasPrice": 10,
          "QuantityInTrolley": 0,
          "Unit": "Each",
          "MinimumQuantity": 1,
          "HasBeenBoughtBefore": false,
          "IsInTrolley": false,
          "Source": "Aisle.DairyEggsFridge",
          "SupplyLimit": 36,
          "IsRanged": false,
          "IsInStock": true,
          "PackageSize": "700g",
          "IsPmDelivery": true,
          "IsForCollection": true,
          "IsForDelivery": true,
          "IsForExpress": false,
          "ProductRestrictionMessage": null,
          "ProductWarningMessage": null,
          "CentreTag": {
            "TagContent": null,
            "TagLink": null,
            "FallbackText": null,
            "TagType": "None",
            "MultibuyData": null
          },
          "IsCentreTag": false,
          "ImageTag": {
            "TagContent": null,
            "TagLink": null,
            "FallbackText": "",
            "TagType": "None",
            "MultibuyData": null
          },
          "HeaderTag": null,
          "HasHeaderTag": false,
          "UnitWeightInGrams": 719,
          "SupplyLimitMessage": "'Woolworths Loaded Mac & Cheese' has a supply limit of 36. The quantity in your cart has been reduced accordingly. To purchase a larger quantity, please contact us on 1800 000 610. Please note we do not supply trade orders.",
          "SmallFormatDescription": "Woolworths Loaded Mac & Cheese ",
          "FullDescription": "Woolworths Loaded Mac & Cheese ",
          "IsAvailable": true,
          "InstoreIsAvailable": true,
          "IsPurchasable": true,
          "InstoreIsPurchasable": true,
          "AgeRestricted": false,
          "DisplayQuantity": 1,
          "RichDescription": "Enjoy this loaded mac n cheese! We've made this one with RSPCA Approved pulled chicken & cheddar cheese sauce with macaroni. All this topped with a herby cheese crumb and bacon pieces. Make it a complete meal with a simple side salad.",
          "IsDeliveryPass": false,
          "HideWasSavedPrice": false,
          "SapCategories": null,
          "Brand": "woolworths",
          "IsRestrictedByDeliveryMethod": false,
          "FooterTag": {
            "TagContent": null,
            "TagLink": null,
            "FallbackText": null,
            "TagType": "None",
            "MultibuyData": null
          },
          "IsFooterEnabled": true,
          "Diagnostics": "137",
          "IsBundle": false,
          "IsInFamily": false,
          "ChildProducts": [],
          "UrlOverride": null,
          "AdditionalAttributes": {
            "sapdepartmentname": "FRESH CONVENIENCE",
            "sapdepartmentno": "10",
            "sapcategoryname": "DELI CONVENIENCE",
            "sapcategoryno": "2",
            "sapsubcategoryname": "READY MEALS PRE PACKED",
            "sapsubcategoryno": "263",
            "sapsegmentname": "SHARING - BAKES",
            "sapsegmentno": "33",
            "specialsgroupid": null,
            "PiesProductDepartmentNodeId": "1_6E4F4E4",
            "PiesProductDepartmentsjson": "[{\"Id\":\"1_6E4F4E4\",\"Description\":\"Dairy, Eggs & Fridge\"}]",
            "piesdepartmentnamesjson": "[\"Dairy, Eggs & Fridge\"]",
            "piescategorynamesjson": "[\"Ready to Eat Meals\"]",
            "piessubcategorynamesjson": "[\"Chilled Ready Meals\"]",
            "servingsize-total-nip": null,
            "servingsperpack-total-nip": null,
            "microwaveable": "False",
            "ovencook": "False",
            "vegetarian": "False",
            "freezable": "False",
            "containsnuts": "False",
            "containsgluten": "False",
            "description": "Enjoy this loaded mac n cheese! We've made this one with RSPCA Approved pulled chicken & cheddar cheese sauce with macaroni. All this topped with a herby cheese crumb and bacon pieces. Make it a complete meal with a simple side salad.",
            "ingredients": "Chicken Cheesy Sauce (55%) (Water, RSPCA Approved Chicken (25%), Cheddar Cheese (12%) (Milk, Salt, Starter Culture, Non Animal Rennet, Anti-caking Agent (460)), Milk, Cream (7%) (Milk), Mozzarella Cheese (6%) (Milk, Salt, Starter Culture, Non Animal Rennet, Anti Caking Agent (460), Preservative (200)), Onion, Tapioca Flour, Garlic, Canola Oil, Dijon Mustard (Food Acid (Acetic Acid)), Salt, Pepper), Cooked Pasta (40%) (Durum Wheat Semolina, Canola Oil), Bacon (2.5%) (Pork (83%), Thickeners (1414, 407), Mineral Salts (451, 450), Gelling Agent (508), Antioxidant (316), Preservative (250), Smoke Flavour), Herb & Cheese Crumb (1%) (Breadcrumbs (Wheat), Cheddar Cheese (Milk, Anti Caking Agent (460)), Parmesan Cheese (Milk, Anti Caking Agent (460), Preservative (200), Calcium Chloride (509)). Canola Oil, Parsley, Pepper, Salt)",
            "nutritionalinformation": "{\"Name\":\"Nutritional Information\",\"Attributes\":[{\"Id\":705,\"Name\":\"Carbohydrate Quantity Per 100g - Total - NIP\",\"Value\":\"Approx.14.9g\",\"Description\":\"Carbohydrate Quantity Per 100g - Total - NIP\",\"SortOrder\":83},{\"Id\":706,\"Name\":\"Carbohydrate Quantity Per Serve - Total - NIP\",\"Value\":\"Approx.52.2g\",\"Description\":\"Carbohydrate Quantity Per Serve - Total - NIP\",\"SortOrder\":87},{\"Id\":759,\"Name\":\"Energy kJ Quantity Per 100g - Total - NIP\",\"Value\":\"Approx.741kJ\",\"Description\":\"Energy kJ Quantity Per 100g - Total - NIP\",\"SortOrder\":239},{\"Id\":760,\"Name\":\"Energy kJ Quantity Per Serve - Total - NIP\",\"Value\":\"Approx.2590kJ\",\"Description\":\"Energy kJ Quantity Per Serve - Total - NIP\",\"SortOrder\":243},{\"Id\":253,\"Name\":\"Fat Saturated Quantity Per 100g - Total - NIP\",\"Value\":\"Approx.4.8g\",\"Description\":\"Fat Saturated Quantity Per 100g - Total - NIP\",\"SortOrder\":251},{\"Id\":258,\"Name\":\"Fat Saturated Quantity Per Serve - Total - NIP\",\"Value\":\"Approx.16.8g\",\"Description\":\"Fat Saturated Quantity Per Serve - Total - NIP\",\"SortOrder\":255},{\"Id\":764,\"Name\":\"Fat Total Quantity Per 100g - Total - NIP\",\"Value\":\"Approx.9.4g\",\"Description\":\"Fat Total Quantity Per 100g - Total - NIP\",\"SortOrder\":263},{\"Id\":264,\"Name\":\"Fat Total Quantity Per Serve - Total - NIP\",\"Value\":\"Approx.32.9g\",\"Description\":\"Fat Total Quantity Per Serve - Total - NIP\",\"SortOrder\":267},{\"Id\":878,\"Name\":\"Protein Quantity Per 100g - Total - NIP\",\"Value\":\"Approx.7.5g\",\"Description\":\"Protein Quantity Per 100g - Total - NIP\",\"SortOrder\":587},{\"Id\":882,\"Name\":\"Protein Quantity Per Serve - Total - NIP\",\"Value\":\"Approx.26.2g\",\"Description\":\"Protein Quantity Per Serve - Total - NIP\",\"SortOrder\":591},{\"Id\":477,\"Name\":\"Serving Size - Total - NIP\",\"Value\":\"350g\",\"Description\":\"Serving Size - Total - NIP\",\"SortOrder\":607},{\"Id\":544,\"Name\":\"Servings Per Pack - Total - NIP\",\"Value\":\"2\",\"Description\":\"Servings Per Pack - Total - NIP\",\"SortOrder\":611},{\"Id\":491,\"Name\":\"Sodium Quantity Per 100g - Total - NIP\",\"Value\":\"Approx.282mg\",\"Description\":\"Sodium Quantity Per 100g - Total - NIP\",\"SortOrder\":623},{\"Id\":495,\"Name\":\"Sodium Quantity Per Serve - Total - NIP\",\"Value\":\"Approx.987mg\",\"Description\":\"Sodium Quantity Per Serve - Total - NIP\",\"SortOrder\":627},{\"Id\":907,\"Name\":\"Sugars Quantity Per 100g - Prefix - NIP\",\"Value\":\"Approx. \",\"Description\":\"Sugars Quantity Per 100g - Prefix - NIP\",\"SortOrder\":645},{\"Id\":908,\"Name\":\"Sugars Quantity Per 100g - SuffixUnits - NIP\",\"Value\":\"g\",\"Description\":\"Sugars Quantity Per 100g - SuffixUnits - NIP\",\"SortOrder\":646},{\"Id\":909,\"Name\":\"Sugars Quantity Per 100g - Total - NIP\",\"Value\":\"Approx.0.9g\",\"Description\":\"Sugars Quantity Per 100g - Total - NIP\",\"SortOrder\":647},{\"Id\":910,\"Name\":\"Sugars Quantity Per 100g - ValueWord - NIP\",\"Value\":\"0.9\",\"Description\":\"Sugars Quantity Per 100g - ValueWord - NIP\",\"SortOrder\":648},{\"Id\":504,\"Name\":\"Sugars Quantity Per Serve - Prefix - NIP\",\"Value\":\"Approx. \",\"Description\":\"Sugars Quantity Per Serve - Prefix - NIP\",\"SortOrder\":649},{\"Id\":911,\"Name\":\"Sugars Quantity Per Serve - SuffixUnits - NIP\",\"Value\":\"g\",\"Description\":\"Sugars Quantity Per Serve - SuffixUnits - NIP\",\"SortOrder\":650},{\"Id\":912,\"Name\":\"Sugars Quantity Per Serve - Total - NIP\",\"Value\":\"Approx.3.2g\",\"Description\":\"Sugars Quantity Per Serve - Total - NIP\",\"SortOrder\":651},{\"Id\":572,\"Name\":\"Sugars Quantity Per Serve - ValueWord - NIP\",\"Value\":\"3.2\",\"Description\":\"Sugars Quantity Per Serve - ValueWord - NIP\",\"SortOrder\":652}]}",
            "storageinstructions": "Suitable for Home Freezing",
            "usageinstructions": null,
            "brand": "woolworths",
            "manufacturer": null,
            "countryoforigin": null,
            "productheightmm": null,
            "productwidthmm": null,
            "productdepthmm": null,
            "wool_productpackaging": null,
            "recyclableinformation": null,
            "importantinformation": null,
            "allergencontains": "Milk, Gluten",
            "allergenmaybepresent": "Peanuts, Tree Nuts, Egg, Soy, Fish, Crustacean",
            "allergystatement": "No Artificial Colours or Flavours",
            "lifestyleanddietarystatement": "Source of Fibre",
            "lifestyleclaim": null,
            "wool_dietaryclaim": "Free From Artificial Colour\rFree From Artificial Flavour",
            "boxedcontents": null,
            "suitablefor": null,
            "fragrance": null,
            "colour": null,
            "antioxidant": "False",
            "addedvitaminsandminerals": "False",
            "bpafree": "False",
            "sulfatefree": "False",
            "parabenfree": "False",
            "claims": null,
            "alcoholfree": null,
            "anti-dandruff": null,
            "dermatologicallyapproved": null,
            "dermatologistrecommended": null,
            "dermatologisttested": null,
            "fragrance-free": null,
            "haircolour": null,
            "hairtype": null,
            "hypo-allergenic": null,
            "non-comedogenic": null,
            "oilfree": null,
            "ophthalmologistapproved": null,
            "ophthalmologisttested": null,
            "paba-free": null,
            "skincondition": null,
            "skintype": null,
            "soap-free": null,
            "spf": null,
            "sweatresistant": null,
            "timer": null,
            "waterresistant": null,
            "phbalanced": null,
            "antiseptic": "False",
            "antibacterial": "False",
            "activeconstituents": null,
            "contains": null,
            "microwavesafe": "False",
            "productimagecount": "4",
            "friendlydisclaimer": null,
            "productimages": "824529.jpg,824529_1.jpg,824529_2.jpg,824529_7.jpg",
            "healthstarrating": "3.5",
            "tgawarnings": null,
            "vendorarticleid": null,
            "vendorcostprice": null,
            "tgawarning": null
          },
          "DetailsImagePaths": [
            "https://cdn0.woolworths.media/content/wowproductimages/large/824529.jpg",
            "https://cdn0.woolworths.media/content/wowproductimages/large/824529_1.jpg",
            "https://cdn0.woolworths.media/content/wowproductimages/large/824529_2.jpg",
            "https://cdn0.woolworths.media/content/wowproductimages/large/824529_7.jpg"
          ],
          "Variety": null,
          "Rating": {
            "ReviewCount": 610,
            "RatingCount": 610,
            "RatingSum": 0,
            "OneStarCount": 31,
            "TwoStarCount": 49,
            "ThreeStarCount": 173,
            "FourStarCount": 239,
            "FiveStarCount": 118,
            "Average": 3.6,
            "OneStarPercentage": 5.08,
            "TwoStarPercentage": 8.03,
            "ThreeStarPercentage": 28.36,
            "FourStarPercentage": 39.18,
            "FiveStarPercentage": 19.34
          },
          "HasProductSubs": false,
          "IsSponsoredAd": false,
          "AdID": null,
          "AdIndex": null,
          "ThirdPartyProductInfo": null,
          "MarketFeatures": null,
          "MarketSpecifications": null
        }
      ],
      "Name": "Woolworths Loaded Mac & Cheese"
    },
    {
      "Products": [
        {
          "TileID": 0,
          "Stockcode": 827226,
          "Barcode": "9300633718435",
          "GtinFormat": 13,
          "CupPrice": 1.43,
          "InstoreCupPrice": 1.43,
          "CupMeasure": "100G",
          "CupString": "$1.43 / 100G",
          "InstoreCupString": "$1.43 / 100G",
          "HasCupPrice": true,
          "InstoreHasCupPrice": true,
          "Price": 10,
          "InstorePrice": 10,
          "Name": "Woolworths Ricotta & Spinach Cannelloni",
          "UrlFriendlyName": "woolworths-ricotta-spinach-cannelloni",
          "Description": " Woolworths Ricotta & Spinach<br>Cannelloni 700G",
          "SmallImageFile": "https://cdn0.woolworths.media/content/wowproductimages/small/827226.jpg",
          "MediumImageFile": "https://cdn0.woolworths.media/content/wowproductimages/medium/827226.jpg",
          "LargeImageFile": "https://cdn0.woolworths.media/content/wowproductimages/large/827226.jpg",
          "IsNew": false,
          "IsOnSpecial": false,
          "InstoreIsOnSpecial": false,
          "IsEdrSpecial": false,
          "SavingsAmount": 0,
          "InstoreSavingsAmount": 0,
          "WasPrice": 10,
          "InstoreWasPrice": 10,
          "QuantityInTrolley": 0,
          "Unit": "Each",
          "MinimumQuantity": 1,
          "HasBeenBoughtBefore": false,
          "IsInTrolley": false,
          "Source": "Aisle.DairyEggsFridge",
          "SupplyLimit": 36,
          "IsRanged": false,
          "IsInStock": true,
          "PackageSize": "700G",
          "IsPmDelivery": true,
          "IsForCollection": true,
          "IsForDelivery": true,
          "IsForExpress": false,
          "ProductRestrictionMessage": null,
          "ProductWarningMessage": null,
          "CentreTag": {
            "TagContent": null,
            "TagLink": null,
            "FallbackText": null,
            "TagType": "None",
            "MultibuyData": null
          },
          "IsCentreTag": false,
          "ImageTag": {
            "TagContent": null,
            "TagLink": null,
            "FallbackText": "",
            "TagType": "None",
            "MultibuyData": null
          },
          "HeaderTag": null,
          "HasHeaderTag": false,
          "UnitWeightInGrams": 732,
          "SupplyLimitMessage": "'Woolworths Ricotta & Spinach Cannelloni' has a supply limit of 36. The quantity in your cart has been reduced accordingly. To purchase a larger quantity, please contact us on 1800 000 610. Please note we do not supply trade orders.",
          "SmallFormatDescription": "Woolworths Ricotta & Spinach Cannelloni",
          "FullDescription": "Woolworths Ricotta & Spinach Cannelloni",
          "IsAvailable": true,
          "InstoreIsAvailable": true,
          "IsPurchasable": true,
          "InstoreIsPurchasable": true,
          "AgeRestricted": false,
          "DisplayQuantity": 1,
          "RichDescription": "There's nothing as comforting as cannelloni, especially when it's filled with creamy ricotta and spinach. We've baked these on a bed of rich Napoletana sauce and topped it off with with a creamy bechamel sauce and cheddar cheese",
          "IsDeliveryPass": false,
          "HideWasSavedPrice": false,
          "SapCategories": null,
          "Brand": "Woolworths",
          "IsRestrictedByDeliveryMethod": false,
          "FooterTag": {
            "TagContent": null,
            "TagLink": null,
            "FallbackText": null,
            "TagType": "None",
            "MultibuyData": null
          },
          "IsFooterEnabled": true,
          "Diagnostics": "138",
          "IsBundle": false,
          "IsInFamily": false,
          "ChildProducts": [],
          "UrlOverride": null,
          "AdditionalAttributes": {
            "sapdepartmentname": "FRESH CONVENIENCE",
            "sapdepartmentno": "10",
            "sapcategoryname": "DELI CONVENIENCE",
            "sapcategoryno": "2",
            "sapsubcategoryname": "READY MEALS PRE PACKED",
            "sapsubcategoryno": "263",
            "sapsegmentname": "FAMILY - ITALIAN",
            "sapsegmentno": "15",
            "specialsgroupid": null,
            "PiesProductDepartmentNodeId": "1_6E4F4E4",
            "PiesProductDepartmentsjson": "[{\"Id\":\"1_6E4F4E4\",\"Description\":\"Dairy, Eggs & Fridge\"}]",
            "piesdepartmentnamesjson": "[\"Dairy, Eggs & Fridge\"]",
            "piescategorynamesjson": "[\"Ready to Eat Meals\",\"Fresh Pasta & Sauces\"]",
            "piessubcategorynamesjson": "[\"Fresh Pasta & Noodles\",\"Chilled Ready Meals\"]",
            "servingsize-total-nip": null,
            "servingsperpack-total-nip": null,
            "microwaveable": "False",
            "ovencook": "False",
            "vegetarian": "False",
            "freezable": "False",
            "containsnuts": "False",
            "containsgluten": "False",
            "description": "There's nothing as comforting as cannelloni, especially when it's filled with creamy ricotta and spinach. We've baked these on a bed of rich Napoletana sauce and topped it off with with a creamy bechamel sauce and cheddar cheese",
            "ingredients": "Ricotta & Spinach Filling (38%) (Ricotta Cheese (55%) (Whey Cheese, Milk, Salt, Food Acid (Acetic Acid)), Spinach (21%), Feta Cheese (Milk, Salt, Non Animal Rennet) Mozzarella Cheese (Milk, Anti Caking Agent (460), Preservative (200)), Parmesan Cheese (Milk, Anti Caking Agent (460), Preservative (200), Mineral Salt (509)), Spices, Salt), Napoletana Sauce (25%) (Tomato Dice (58%) (Tomato, Tomato Juice, Food Acid (Citric Acid), Mineral Salt (509)), Tomato Paste (11%), Water, Onion, Carrot, Celery, Canola Oil, Garlic, Sugar, Thickener (1422), Herbs, Salt, Pepper), Béchamel Sauce (18%) (Water, Cream (16%) (Milk), Dried Whole Milk, Cheddar Cheese (Milk, Anti Caking Agent (460)), Butter (Milk), Tapioca Flour), Pasta (16%) (Durum Wheat Semolina, Water), Cheese Topping (3.0%) (Cheddar Cheese (79%) (Milk, Anti Caking Agent (460)), Parmesan Cheese (Milk, Anti Caking Agent (460), Preservative (200), Mineral Salt (509)), Paprika)",
            "nutritionalinformation": "{\"Name\":\"Nutritional Information\",\"Attributes\":[{\"Id\":705,\"Name\":\"Carbohydrate Quantity Per 100g - Total - NIP\",\"Value\":\"Approx.9g\",\"Description\":\"Carbohydrate Quantity Per 100g - Total - NIP\",\"SortOrder\":83},{\"Id\":706,\"Name\":\"Carbohydrate Quantity Per Serve - Total - NIP\",\"Value\":\"Approx.31.5g\",\"Description\":\"Carbohydrate Quantity Per Serve - Total - NIP\",\"SortOrder\":87},{\"Id\":759,\"Name\":\"Energy kJ Quantity Per 100g - Total - NIP\",\"Value\":\"Approx.603kJ\",\"Description\":\"Energy kJ Quantity Per 100g - Total - NIP\",\"SortOrder\":239},{\"Id\":760,\"Name\":\"Energy kJ Quantity Per Serve - Total - NIP\",\"Value\":\"Approx.2110kJ\",\"Description\":\"Energy kJ Quantity Per Serve - Total - NIP\",\"SortOrder\":243},{\"Id\":253,\"Name\":\"Fat Saturated Quantity Per 100g - Total - NIP\",\"Value\":\"Approx.5g\",\"Description\":\"Fat Saturated Quantity Per 100g - Total - NIP\",\"SortOrder\":251},{\"Id\":258,\"Name\":\"Fat Saturated Quantity Per Serve - Total - NIP\",\"Value\":\"Approx.17.5g\",\"Description\":\"Fat Saturated Quantity Per Serve - Total - NIP\",\"SortOrder\":255},{\"Id\":764,\"Name\":\"Fat Total Quantity Per 100g - Total - NIP\",\"Value\":\"Approx.8.5g\",\"Description\":\"Fat Total Quantity Per 100g - Total - NIP\",\"SortOrder\":263},{\"Id\":264,\"Name\":\"Fat Total Quantity Per Serve - Total - NIP\",\"Value\":\"Approx.29.8g\",\"Description\":\"Fat Total Quantity Per Serve - Total - NIP\",\"SortOrder\":267},{\"Id\":878,\"Name\":\"Protein Quantity Per 100g - Total - NIP\",\"Value\":\"Approx.7.4g\",\"Description\":\"Protein Quantity Per 100g - Total - NIP\",\"SortOrder\":587},{\"Id\":882,\"Name\":\"Protein Quantity Per Serve - Total - NIP\",\"Value\":\"Approx.25.9g\",\"Description\":\"Protein Quantity Per Serve - Total - NIP\",\"SortOrder\":591},{\"Id\":477,\"Name\":\"Serving Size - Total - NIP\",\"Value\":\"350g\",\"Description\":\"Serving Size - Total - NIP\",\"SortOrder\":607},{\"Id\":544,\"Name\":\"Servings Per Pack - Total - NIP\",\"Value\":\"2\",\"Description\":\"Servings Per Pack - Total - NIP\",\"SortOrder\":611},{\"Id\":491,\"Name\":\"Sodium Quantity Per 100g - Total - NIP\",\"Value\":\"Approx.233mg\",\"Description\":\"Sodium Quantity Per 100g - Total - NIP\",\"SortOrder\":623},{\"Id\":495,\"Name\":\"Sodium Quantity Per Serve - Total - NIP\",\"Value\":\"Approx.816mg\",\"Description\":\"Sodium Quantity Per Serve - Total - NIP\",\"SortOrder\":627},{\"Id\":907,\"Name\":\"Sugars Quantity Per 100g - Prefix - NIP\",\"Value\":\"Approx.\",\"Description\":\"Sugars Quantity Per 100g - Prefix - NIP\",\"SortOrder\":645},{\"Id\":908,\"Name\":\"Sugars Quantity Per 100g - SuffixUnits - NIP\",\"Value\":\"g\",\"Description\":\"Sugars Quantity Per 100g - SuffixUnits - NIP\",\"SortOrder\":646},{\"Id\":909,\"Name\":\"Sugars Quantity Per 100g - Total - NIP\",\"Value\":\"Approx.2.4g\",\"Description\":\"Sugars Quantity Per 100g - Total - NIP\",\"SortOrder\":647},{\"Id\":910,\"Name\":\"Sugars Quantity Per 100g - ValueWord - NIP\",\"Value\":\"2.4\",\"Description\":\"Sugars Quantity Per 100g - ValueWord - NIP\",\"SortOrder\":648},{\"Id\":504,\"Name\":\"Sugars Quantity Per Serve - Prefix - NIP\",\"Value\":\"Approx.\",\"Description\":\"Sugars Quantity Per Serve - Prefix - NIP\",\"SortOrder\":649},{\"Id\":911,\"Name\":\"Sugars Quantity Per Serve - SuffixUnits - NIP\",\"Value\":\"g\",\"Description\":\"Sugars Quantity Per Serve - SuffixUnits - NIP\",\"SortOrder\":650},{\"Id\":912,\"Name\":\"Sugars Quantity Per Serve - Total - NIP\",\"Value\":\"Approx.8.4g\",\"Description\":\"Sugars Quantity Per Serve - Total - NIP\",\"SortOrder\":651},{\"Id\":572,\"Name\":\"Sugars Quantity Per Serve - ValueWord - NIP\",\"Value\":\"8.4\",\"Description\":\"Sugars Quantity Per Serve - ValueWord - NIP\",\"SortOrder\":652}]}",
            "storageinstructions": "Suitable for Home Freezing",
            "usageinstructions": null,
            "brand": "woolworths",
            "manufacturer": null,
            "countryoforigin": null,
            "productheightmm": null,
            "productwidthmm": null,
            "productdepthmm": null,
            "wool_productpackaging": null,
            "recyclableinformation": null,
            "importantinformation": null,
            "allergencontains": "Milk, Gluten",
            "allergenmaybepresent": "Peanuts, Tree Nuts, Egg, Soy, Fish, Crustacean",
            "allergystatement": "No Artificial Colours or Flavours",
            "lifestyleanddietarystatement": "Source of Calcium",
            "lifestyleclaim": null,
            "wool_dietaryclaim": "Free From Artificial Colour\rFree From Artificial Flavour",
            "boxedcontents": null,
            "suitablefor": null,
            "fragrance": null,
            "colour": null,
            "antioxidant": "False",
            "addedvitaminsandminerals": "False",
            "bpafree": "False",
            "sulfatefree": "False",
            "parabenfree": "False",
            "claims": null,
            "alcoholfree": null,
            "anti-dandruff": null,
            "dermatologicallyapproved": null,
            "dermatologistrecommended": null,
            "dermatologisttested": null,
            "fragrance-free": null,
            "haircolour": null,
            "hairtype": null,
            "hypo-allergenic": null,
            "non-comedogenic": null,
            "oilfree": null,
            "ophthalmologistapproved": null,
            "ophthalmologisttested": null,
            "paba-free": null,
            "skincondition": null,
            "skintype": null,
            "soap-free": null,
            "spf": null,
            "sweatresistant": null,
            "timer": null,
            "waterresistant": null,
            "phbalanced": null,
            "antiseptic": "False",
            "antibacterial": "False",
            "activeconstituents": null,
            "contains": null,
            "microwavesafe": "False",
            "productimagecount": "4",
            "friendlydisclaimer": null,
            "productimages": "827226.jpg,827226_6.jpg,827226_1.jpg,827226_7.jpg",
            "healthstarrating": "3.5",
            "tgawarnings": null,
            "vendorarticleid": null,
            "vendorcostprice": null,
            "tgawarning": null,
            "PiesProductB2bDepartmentNodeId": "14_BADBC9B",
            "PiesProductB2bDepartmentsjson": "[{\"Id\":\"14_BADBC9B\",\"Description\":\"Fridge\"}]",
            "piesb2bdepartmentnamesjson": "[\"Fridge\"]",
            "piesb2bcategorynamesjson": "[\"Ready to Eat\"]",
            "piesb2bsubcategorynamesjson": "[\"Ready Meals\",\"Fresh Pasta & Noodles\"]"
          },
          "DetailsImagePaths": [
            "https://cdn0.woolworths.media/content/wowproductimages/large/827226.jpg",
            "https://cdn0.woolworths.media/content/wowproductimages/large/827226_1.jpg",
            "https://cdn0.woolworths.media/content/wowproductimages/large/827226_6.jpg",
            "https://cdn0.woolworths.media/content/wowproductimages/large/827226_7.jpg"
          ],
          "Variety": "CANNELLONI",
          "Rating": null,
          "HasProductSubs": false,
          "IsSponsoredAd": false,
          "AdID": null,
          "AdIndex": null,
          "ThirdPartyProductInfo": null,
          "MarketFeatures": null,
          "MarketSpecifications": null
        }
      ],
      "Name": "Woolworths Ricotta & Spinach Cannelloni"
    },
    {
      "Products": [
        {
          "TileID": 0,
          "Stockcode": 328103,
          "Barcode": "5201168215649",
          "GtinFormat": 13,
          "CupPrice": 25,
          "InstoreCupPrice": 25,
          "CupMeasure": "1KG",
          "CupString": "$25.00 / 1KG",
          "InstoreCupString": "$25.00 / 1KG",
          "HasCupPrice": true,
          "InstoreHasCupPrice": true,
          "Price": 10,
          "InstorePrice": 10,
          "Name": "Dodoni Greek Feta Cheese",
          "UrlFriendlyName": "dodoni-greek-feta-cheese",
          "Description": " Dodoni Greek Feta Cheese 400g",
          "SmallImageFile": "https://cdn0.woolworths.media/content/wowproductimages/small/328103.jpg",
          "MediumImageFile": "https://cdn0.woolworths.media/content/wowproductimages/medium/328103.jpg",
          "LargeImageFile": "https://cdn0.woolworths.media/content/wowproductimages/large/328103.jpg",
          "IsNew": false,
          "IsOnSpecial": true,
          "InstoreIsOnSpecial": true,
          "IsEdrSpecial": false,
          "SavingsAmount": 2,
          "InstoreSavingsAmount": 2,
          "WasPrice": 12,
          "InstoreWasPrice": 12,
          "QuantityInTrolley": 0,
          "Unit": "Each",
          "MinimumQuantity": 1,
          "HasBeenBoughtBefore": false,
          "IsInTrolley": false,
          "Source": "Aisle.DairyEggsFridge",
          "SupplyLimit": 36,
          "IsRanged": false,
          "IsInStock": true,
          "PackageSize": "400g",
          "IsPmDelivery": true,
          "IsForCollection": true,
          "IsForDelivery": true,
          "IsForExpress": false,
          "ProductRestrictionMessage": null,
          "ProductWarningMessage": null,
          "CentreTag": {
            "TagContent": null,
            "TagLink": null,
            "FallbackText": null,
            "TagType": "None",
            "MultibuyData": null
          },
          "IsCentreTag": false,
          "ImageTag": {
            "TagContent": "/content/promotiontags/roundel-special-200x200.png",
            "TagLink": "",
            "FallbackText": "On Special",
            "TagType": "None",
            "MultibuyData": null
          },
          "HeaderTag": {
            "BackgroundColor": "#fd0",
            "BorderColor": "#fd0",
            "TextColor": "#000",
            "Content": "Save $2.00",
            "TagLink": null,
            "Promotion": "Special"
          },
          "HasHeaderTag": true,
          "UnitWeightInGrams": 400,
          "SupplyLimitMessage": "'Dodoni Greek Feta Cheese' has a supply limit of 36. The quantity in your cart has been reduced accordingly. To purchase a larger quantity, please contact us on 1800 000 610. Please note we do not supply trade orders.",
          "SmallFormatDescription": "Dodoni Greek Feta Cheese",
          "FullDescription": "Dodoni Greek Feta Cheese",
          "IsAvailable": true,
          "InstoreIsAvailable": true,
          "IsPurchasable": true,
          "InstoreIsPurchasable": true,
          "AgeRestricted": false,
          "DisplayQuantity": 1,
          "RichDescription": "Premium authentic Greek feta cheese made from pasteurized sheep's and goat's milk\nProtected Designation of Origin (P.D.O.)",
          "IsDeliveryPass": false,
          "HideWasSavedPrice": false,
          "SapCategories": null,
          "Brand": "dodoni",
          "IsRestrictedByDeliveryMethod": false,
          "FooterTag": {
            "TagContent": null,
            "TagLink": null,
            "FallbackText": null,
            "TagType": "None",
            "MultibuyData": null
          },
          "IsFooterEnabled": true,
          "Diagnostics": "139",
          "IsBundle": false,
          "IsInFamily": false,
          "ChildProducts": [],
          "UrlOverride": null,
          "AdditionalAttributes": {
            "sapdepartmentname": "FRESH CONVENIENCE",
            "sapdepartmentno": "10",
            "sapcategoryname": "CHEESE COOKING",
            "sapcategoryno": "39",
            "sapsubcategoryname": "CHEESE COOKING",
            "sapsubcategoryno": "360",
            "sapsegmentname": "FETTA",
            "sapsegmentno": "3",
            "specialsgroupid": null,
            "PiesProductDepartmentNodeId": "1_D5A2236",
            "PiesProductDepartmentsjson": "[{\"Id\":\"1_D5A2236\",\"Description\":\"Meat, Seafood & Deli\"},{\"Id\":\"1_6E4F4E4\",\"Description\":\"Dairy, Eggs & Fridge\"}]",
            "piesdepartmentnamesjson": "[\"Meat, Seafood & Deli\",\"Dairy, Eggs & Fridge\"]",
            "piescategorynamesjson": "[\"Cheese\",\"Deli Specialities\"]",
            "piessubcategorynamesjson": "[\"Gourmet Cheese\",\"Cooking Cheese\",\"Fetta & Goat's Cheese\",\"Entertaining Cheese\"]",
            "servingsize-total-nip": null,
            "servingsperpack-total-nip": null,
            "microwaveable": "False",
            "ovencook": "False",
            "vegetarian": "False",
            "freezable": "False",
            "containsnuts": "False",
            "containsgluten": "False",
            "description": "Premium authentic Greek feta cheese made from pasteurized sheep's and goat's milk\nProtected Designation of Origin (P.D.O.)",
            "ingredients": "Pasteurized Sheep's and Goat's Milk, Salt, Starter Culture, Rennet",
            "nutritionalinformation": "{\"Name\":\"Nutritional Information\",\"Attributes\":[{\"Id\":705,\"Name\":\"Carbohydrate Quantity Per 100g - Total - NIP\",\"Value\":\"<1g\",\"Description\":\"Carbohydrate Quantity Per 100g - Total - NIP\",\"SortOrder\":83},{\"Id\":706,\"Name\":\"Carbohydrate Quantity Per Serve - Total - NIP\",\"Value\":\"<1g\",\"Description\":\"Carbohydrate Quantity Per Serve - Total - NIP\",\"SortOrder\":87},{\"Id\":759,\"Name\":\"Energy kJ Quantity Per 100g - Total - NIP\",\"Value\":\"Approx.1075kJ\",\"Description\":\"Energy kJ Quantity Per 100g - Total - NIP\",\"SortOrder\":239},{\"Id\":760,\"Name\":\"Energy kJ Quantity Per Serve - Total - NIP\",\"Value\":\"Approx.323kJ\",\"Description\":\"Energy kJ Quantity Per Serve - Total - NIP\",\"SortOrder\":243},{\"Id\":253,\"Name\":\"Fat Saturated Quantity Per 100g - Total - NIP\",\"Value\":\"Approx.15.7g\",\"Description\":\"Fat Saturated Quantity Per 100g - Total - NIP\",\"SortOrder\":251},{\"Id\":258,\"Name\":\"Fat Saturated Quantity Per Serve - Total - NIP\",\"Value\":\"Approx.4.7g\",\"Description\":\"Fat Saturated Quantity Per Serve - Total - NIP\",\"SortOrder\":255},{\"Id\":764,\"Name\":\"Fat Total Quantity Per 100g - Total - NIP\",\"Value\":\"Approx.21g\",\"Description\":\"Fat Total Quantity Per 100g - Total - NIP\",\"SortOrder\":263},{\"Id\":264,\"Name\":\"Fat Total Quantity Per Serve - Total - NIP\",\"Value\":\"Approx.6.3g\",\"Description\":\"Fat Total Quantity Per Serve - Total - NIP\",\"SortOrder\":267},{\"Id\":878,\"Name\":\"Protein Quantity Per 100g - Total - NIP\",\"Value\":\"Approx.17g\",\"Description\":\"Protein Quantity Per 100g - Total - NIP\",\"SortOrder\":587},{\"Id\":882,\"Name\":\"Protein Quantity Per Serve - Total - NIP\",\"Value\":\"Approx.5.1g\",\"Description\":\"Protein Quantity Per Serve - Total - NIP\",\"SortOrder\":591},{\"Id\":477,\"Name\":\"Serving Size - Total - NIP\",\"Value\":\"30g\",\"Description\":\"Serving Size - Total - NIP\",\"SortOrder\":607},{\"Id\":491,\"Name\":\"Sodium Quantity Per 100g - Total - NIP\",\"Value\":\"Approx.1010mg\",\"Description\":\"Sodium Quantity Per 100g - Total - NIP\",\"SortOrder\":623},{\"Id\":495,\"Name\":\"Sodium Quantity Per Serve - Total - NIP\",\"Value\":\"Approx.303mg\",\"Description\":\"Sodium Quantity Per Serve - Total - NIP\",\"SortOrder\":627},{\"Id\":907,\"Name\":\"Sugars Quantity Per 100g - Prefix - NIP\",\"Value\":\"<\",\"Description\":\"Sugars Quantity Per 100g - Prefix - NIP\",\"SortOrder\":645},{\"Id\":908,\"Name\":\"Sugars Quantity Per 100g - SuffixUnits - NIP\",\"Value\":\"g\",\"Description\":\"Sugars Quantity Per 100g - SuffixUnits - NIP\",\"SortOrder\":646},{\"Id\":909,\"Name\":\"Sugars Quantity Per 100g - Total - NIP\",\"Value\":\"<1g\",\"Description\":\"Sugars Quantity Per 100g - Total - NIP\",\"SortOrder\":647},{\"Id\":910,\"Name\":\"Sugars Quantity Per 100g - ValueWord - NIP\",\"Value\":\"1\",\"Description\":\"Sugars Quantity Per 100g - ValueWord - NIP\",\"SortOrder\":648},{\"Id\":504,\"Name\":\"Sugars Quantity Per Serve - Prefix - NIP\",\"Value\":\"<\",\"Description\":\"Sugars Quantity Per Serve - Prefix - NIP\",\"SortOrder\":649},{\"Id\":911,\"Name\":\"Sugars Quantity Per Serve - SuffixUnits - NIP\",\"Value\":\"g\",\"Description\":\"Sugars Quantity Per Serve - SuffixUnits - NIP\",\"SortOrder\":650},{\"Id\":912,\"Name\":\"Sugars Quantity Per Serve - Total - NIP\",\"Value\":\"<1g\",\"Description\":\"Sugars Quantity Per Serve - Total - NIP\",\"SortOrder\":651},{\"Id\":572,\"Name\":\"Sugars Quantity Per Serve - ValueWord - NIP\",\"Value\":\"1\",\"Description\":\"Sugars Quantity Per Serve - ValueWord - NIP\",\"SortOrder\":652}]}",
            "storageinstructions": null,
            "usageinstructions": null,
            "brand": "dodoni",
            "manufacturer": null,
            "countryoforigin": null,
            "productheightmm": null,
            "productwidthmm": null,
            "productdepthmm": null,
            "wool_productpackaging": null,
            "recyclableinformation": null,
            "importantinformation": null,
            "allergencontains": "Milk",
            "allergenmaybepresent": null,
            "allergystatement": "Wheat Free",
            "lifestyleanddietarystatement": "Gluten Free",
            "lifestyleclaim": null,
            "wool_dietaryclaim": null,
            "boxedcontents": null,
            "suitablefor": null,
            "fragrance": null,
            "colour": null,
            "antioxidant": "False",
            "addedvitaminsandminerals": "False",
            "bpafree": "False",
            "sulfatefree": "False",
            "parabenfree": "False",
            "claims": null,
            "alcoholfree": null,
            "anti-dandruff": null,
            "dermatologicallyapproved": null,
            "dermatologistrecommended": null,
            "dermatologisttested": null,
            "fragrance-free": null,
            "haircolour": null,
            "hairtype": null,
            "hypo-allergenic": null,
            "non-comedogenic": null,
            "oilfree": null,
            "ophthalmologistapproved": null,
            "ophthalmologisttested": null,
            "paba-free": null,
            "skincondition": null,
            "skintype": null,
            "soap-free": null,
            "spf": null,
            "sweatresistant": null,
            "timer": null,
            "waterresistant": null,
            "phbalanced": null,
            "antiseptic": "False",
            "antibacterial": "False",
            "activeconstituents": null,
            "contains": null,
            "microwavesafe": "False",
            "productimagecount": "6",
            "friendlydisclaimer": null,
            "productimages": "328103.jpg,328103_1.jpg,328103_2.jpg,328103_3.jpg,328103_4.jpg,328103_5.jpg",
            "healthstarrating": "0",
            "tgawarnings": null,
            "vendorarticleid": null,
            "vendorcostprice": null,
            "tgawarning": null
          },
          "DetailsImagePaths": [
            "https://cdn0.woolworths.media/content/wowproductimages/large/328103.jpg",
            "https://cdn0.woolworths.media/content/wowproductimages/large/328103_1.jpg",
            "https://cdn0.woolworths.media/content/wowproductimages/large/328103_2.jpg",
            "https://cdn0.woolworths.media/content/wowproductimages/large/328103_3.jpg",
            "https://cdn0.woolworths.media/content/wowproductimages/large/328103_4.jpg",
            "https://cdn0.woolworths.media/content/wowproductimages/large/328103_5.jpg"
          ],
          "Variety": "cheese",
          "Rating": {
            "ReviewCount": 0,
            "RatingCount": 0,
            "RatingSum": 0,
            "OneStarCount": 0,
            "TwoStarCount": 0,
            "ThreeStarCount": 0,
            "FourStarCount": 0,
            "FiveStarCount": 0,
            "Average": 0,
            "OneStarPercentage": 0,
            "TwoStarPercentage": 0,
            "ThreeStarPercentage": 0,
            "FourStarPercentage": 0,
            "FiveStarPercentage": 0
          },
          "HasProductSubs": false,
          "IsSponsoredAd": false,
          "AdID": null,
          "AdIndex": null,
          "ThirdPartyProductInfo": null,
          "MarketFeatures": null,
          "MarketSpecifications": null
        }
      ],
      "Name": "Dodoni Greek Feta Cheese"
    },
    {
      "Products": [
        {
          "TileID": 0,
          "Stockcode": 872611,
          "Barcode": "9338857008230",
          "GtinFormat": 13,
          "CupPrice": 1,
          "InstoreCupPrice": 1,
          "CupMeasure": "100G",
          "CupString": "$1.00 / 100G",
          "InstoreCupString": "$1.00 / 100G",
          "HasCupPrice": true,
          "InstoreHasCupPrice": true,
          "Price": 10,
          "InstorePrice": 10,
          "Name": "Nakula Organic Yoghurt Natural Unsweetened",
          "UrlFriendlyName": "nakula-organic-yoghurt-natural-unsweetened",
          "Description": " Nakula Organic Yoghurt<br>Natural Unsweetened 1kg",
          "SmallImageFile": "https://cdn0.woolworths.media/content/wowproductimages/small/872611.jpg",
          "MediumImageFile": "https://cdn0.woolworths.media/content/wowproductimages/medium/872611.jpg",
          "LargeImageFile": "https://cdn0.woolworths.media/content/wowproductimages/large/872611.jpg",
          "IsNew": false,
          "IsOnSpecial": false,
          "InstoreIsOnSpecial": false,
          "IsEdrSpecial": false,
          "SavingsAmount": 0,
          "InstoreSavingsAmount": 0,
          "WasPrice": 10,
          "InstoreWasPrice": 10,
          "QuantityInTrolley": 0,
          "Unit": "Each",
          "MinimumQuantity": 1,
          "HasBeenBoughtBefore": false,
          "IsInTrolley": false,
          "Source": "Aisle.DairyEggsFridge",
          "SupplyLimit": 36,
          "IsRanged": false,
          "IsInStock": true,
          "PackageSize": "1kg",
          "IsPmDelivery": true,
          "IsForCollection": true,
          "IsForDelivery": true,
          "IsForExpress": false,
          "ProductRestrictionMessage": null,
          "ProductWarningMessage": null,
          "CentreTag": {
            "TagContent": null,
            "TagLink": null,
            "FallbackText": null,
            "TagType": "None",
            "MultibuyData": null
          },
          "IsCentreTag": false,
          "ImageTag": {
            "TagContent": null,
            "TagLink": null,
            "FallbackText": "",
            "TagType": "None",
            "MultibuyData": null
          },
          "HeaderTag": null,
          "HasHeaderTag": false,
          "UnitWeightInGrams": 1037,
          "SupplyLimitMessage": "'Nakula Organic Yoghurt Natural Unsweetened' has a supply limit of 36. The quantity in your cart has been reduced accordingly. To purchase a larger quantity, please contact us on 1800 000 610. Please note we do not supply trade orders.",
          "SmallFormatDescription": "Nakula Organic Yoghurt Natural Unsweetened",
          "FullDescription": "Nakula Organic Yoghurt Natural Unsweetened",
          "IsAvailable": true,
          "InstoreIsAvailable": true,
          "IsPurchasable": true,
          "InstoreIsPurchasable": true,
          "AgeRestricted": false,
          "DisplayQuantity": 1,
          "RichDescription": "<p>Nakula Organic Natural Coconut Milk Yoghurt Unsweetened is gluten free. </p><p><br/></p><p> Good for you, good for others.</p><p><br/></p><p>Vegan.<br/></p><p>Australian family owned business.<br/></p><p>Live Cultures.</p>",
          "IsDeliveryPass": false,
          "HideWasSavedPrice": false,
          "SapCategories": null,
          "Brand": "nakula",
          "IsRestrictedByDeliveryMethod": false,
          "FooterTag": {
            "TagContent": null,
            "TagLink": null,
            "FallbackText": null,
            "TagType": "None",
            "MultibuyData": null
          },
          "IsFooterEnabled": true,
          "Diagnostics": "140",
          "IsBundle": false,
          "IsInFamily": false,
          "ChildProducts": [],
          "UrlOverride": null,
          "AdditionalAttributes": {
            "sapdepartmentname": "FRESH CONVENIENCE",
            "sapdepartmentno": "10",
            "sapcategoryname": "DAIRY - YOGHURT",
            "sapcategoryno": "94",
            "sapsubcategoryname": "DAIRY - YOGHURT MULTI SERVE",
            "sapsubcategoryno": "877",
            "sapsegmentname": "DAIRY ALTERNATIVE MULTIPACK",
            "sapsegmentno": "9",
            "specialsgroupid": null,
            "PiesProductDepartmentNodeId": "1_6E4F4E4",
            "PiesProductDepartmentsjson": "[{\"Id\":\"1_6E4F4E4\",\"Description\":\"Dairy, Eggs & Fridge\"}]",
            "piesdepartmentnamesjson": "[\"Dairy, Eggs & Fridge\"]",
            "piescategorynamesjson": "[\"Yoghurt\"]",
            "piessubcategorynamesjson": "[\"Flavoured Yoghurt\",\"Low & No Fat Yoghurt\"]",
            "servingsize-total-nip": null,
            "servingsperpack-total-nip": null,
            "microwaveable": "False",
            "ovencook": "False",
            "vegetarian": "False",
            "freezable": "False",
            "containsnuts": "False",
            "containsgluten": "False",
            "description": "<p>Nakula Organic Natural Coconut Milk Yoghurt Unsweetened is gluten free. </p><p><br/></p><p> Good for you, good for others.</p><p><br/></p><p>Vegan.<br/></p><p>Australian family owned business.<br/></p><p>Live Cultures.</p>",
            "ingredients": "Coconut Yoghurt 100% (Coconut, Native Starch, & Live Vegan Cultures).",
            "nutritionalinformation": "{\"Name\":\"Nutritional Information\",\"Attributes\":[{\"Id\":705,\"Name\":\"Carbohydrate Quantity Per 100g - Total - NIP\",\"Value\":\"5.1g\",\"Description\":\"Carbohydrate Quantity Per 100g - Total - NIP\",\"SortOrder\":83},{\"Id\":706,\"Name\":\"Carbohydrate Quantity Per Serve - Total - NIP\",\"Value\":\"5.1g\",\"Description\":\"Carbohydrate Quantity Per Serve - Total - NIP\",\"SortOrder\":87},{\"Id\":759,\"Name\":\"Energy kJ Quantity Per 100g - Total - NIP\",\"Value\":\"501kJ\",\"Description\":\"Energy kJ Quantity Per 100g - Total - NIP\",\"SortOrder\":239},{\"Id\":760,\"Name\":\"Energy kJ Quantity Per Serve - Total - NIP\",\"Value\":\"501kJ\",\"Description\":\"Energy kJ Quantity Per Serve - Total - NIP\",\"SortOrder\":243},{\"Id\":253,\"Name\":\"Fat Saturated Quantity Per 100g - Total - NIP\",\"Value\":\"8.9g\",\"Description\":\"Fat Saturated Quantity Per 100g - Total - NIP\",\"SortOrder\":251},{\"Id\":258,\"Name\":\"Fat Saturated Quantity Per Serve - Total - NIP\",\"Value\":\"8.9g\",\"Description\":\"Fat Saturated Quantity Per Serve - Total - NIP\",\"SortOrder\":255},{\"Id\":764,\"Name\":\"Fat Total Quantity Per 100g - Total - NIP\",\"Value\":\"11.0g\",\"Description\":\"Fat Total Quantity Per 100g - Total - NIP\",\"SortOrder\":263},{\"Id\":264,\"Name\":\"Fat Total Quantity Per Serve - Total - NIP\",\"Value\":\"11.0g\",\"Description\":\"Fat Total Quantity Per Serve - Total - NIP\",\"SortOrder\":267},{\"Id\":878,\"Name\":\"Protein Quantity Per 100g - Total - NIP\",\"Value\":\"0.7g\",\"Description\":\"Protein Quantity Per 100g - Total - NIP\",\"SortOrder\":587},{\"Id\":882,\"Name\":\"Protein Quantity Per Serve - Total - NIP\",\"Value\":\"0.7g\",\"Description\":\"Protein Quantity Per Serve - Total - NIP\",\"SortOrder\":591},{\"Id\":477,\"Name\":\"Serving Size - Total - NIP\",\"Value\":\"100g\",\"Description\":\"Serving Size - Total - NIP\",\"SortOrder\":607},{\"Id\":544,\"Name\":\"Servings Per Pack - Total - NIP\",\"Value\":\"10\",\"Description\":\"Servings Per Pack - Total - NIP\",\"SortOrder\":611},{\"Id\":491,\"Name\":\"Sodium Quantity Per 100g - Total - NIP\",\"Value\":\"18mg\",\"Description\":\"Sodium Quantity Per 100g - Total - NIP\",\"SortOrder\":623},{\"Id\":495,\"Name\":\"Sodium Quantity Per Serve - Total - NIP\",\"Value\":\"18mg\",\"Description\":\"Sodium Quantity Per Serve - Total - NIP\",\"SortOrder\":627},{\"Id\":907,\"Name\":\"Sugars Quantity Per 100g - Prefix - NIP\",\"Value\":\"\",\"Description\":\"Sugars Quantity Per 100g - Prefix - NIP\",\"SortOrder\":645},{\"Id\":908,\"Name\":\"Sugars Quantity Per 100g - SuffixUnits - NIP\",\"Value\":\"g\",\"Description\":\"Sugars Quantity Per 100g - SuffixUnits - NIP\",\"SortOrder\":646},{\"Id\":909,\"Name\":\"Sugars Quantity Per 100g - Total - NIP\",\"Value\":\"1.0g\",\"Description\":\"Sugars Quantity Per 100g - Total - NIP\",\"SortOrder\":647},{\"Id\":910,\"Name\":\"Sugars Quantity Per 100g - ValueWord - NIP\",\"Value\":\"1.0\",\"Description\":\"Sugars Quantity Per 100g - ValueWord - NIP\",\"SortOrder\":648},{\"Id\":504,\"Name\":\"Sugars Quantity Per Serve - Prefix - NIP\",\"Value\":\"\",\"Description\":\"Sugars Quantity Per Serve - Prefix - NIP\",\"SortOrder\":649},{\"Id\":911,\"Name\":\"Sugars Quantity Per Serve - SuffixUnits - NIP\",\"Value\":\"g\",\"Description\":\"Sugars Quantity Per Serve - SuffixUnits - NIP\",\"SortOrder\":650},{\"Id\":912,\"Name\":\"Sugars Quantity Per Serve - Total - NIP\",\"Value\":\"1.0g\",\"Description\":\"Sugars Quantity Per Serve - Total - NIP\",\"SortOrder\":651},{\"Id\":572,\"Name\":\"Sugars Quantity Per Serve - ValueWord - NIP\",\"Value\":\"1.0\",\"Description\":\"Sugars Quantity Per Serve - ValueWord - NIP\",\"SortOrder\":652}]}",
            "storageinstructions": "Refrigerate below 4°C.<br>Consume within 5 days after opening. Do not freeze.",
            "usageinstructions": null,
            "brand": "nakula",
            "manufacturer": null,
            "countryoforigin": null,
            "productheightmm": null,
            "productwidthmm": null,
            "productdepthmm": null,
            "wool_productpackaging": null,
            "recyclableinformation": null,
            "importantinformation": null,
            "allergencontains": null,
            "allergenmaybepresent": "Tree Nuts",
            "allergystatement": "Dairy Free",
            "lifestyleanddietarystatement": "Vegan",
            "lifestyleclaim": null,
            "wool_dietaryclaim": null,
            "boxedcontents": null,
            "suitablefor": null,
            "fragrance": null,
            "colour": null,
            "antioxidant": "False",
            "addedvitaminsandminerals": "False",
            "bpafree": "False",
            "sulfatefree": "False",
            "parabenfree": "False",
            "claims": null,
            "alcoholfree": null,
            "anti-dandruff": null,
            "dermatologicallyapproved": null,
            "dermatologistrecommended": null,
            "dermatologisttested": null,
            "fragrance-free": null,
            "haircolour": null,
            "hairtype": null,
            "hypo-allergenic": null,
            "non-comedogenic": null,
            "oilfree": null,
            "ophthalmologistapproved": null,
            "ophthalmologisttested": null,
            "paba-free": null,
            "skincondition": null,
            "skintype": null,
            "soap-free": null,
            "spf": null,
            "sweatresistant": null,
            "timer": null,
            "waterresistant": null,
            "phbalanced": null,
            "antiseptic": "False",
            "antibacterial": "False",
            "activeconstituents": null,
            "contains": null,
            "microwavesafe": "False",
            "productimagecount": "4",
            "friendlydisclaimer": null,
            "productimages": "872611.jpg,872611_1.jpg,872611_2.jpg,872611_3.jpg",
            "healthstarrating": "0",
            "tgawarnings": null,
            "vendorarticleid": null,
            "vendorcostprice": null,
            "tgawarning": null
          },
          "DetailsImagePaths": [
            "https://cdn0.woolworths.media/content/wowproductimages/large/872611.jpg",
            "https://cdn0.woolworths.media/content/wowproductimages/large/872611_1.jpg",
            "https://cdn0.woolworths.media/content/wowproductimages/large/872611_2.jpg",
            "https://cdn0.woolworths.media/content/wowproductimages/large/872611_3.jpg"
          ],
          "Variety": "natural unsweetened",
          "Rating": {
            "ReviewCount": 0,
            "RatingCount": 0,
            "RatingSum": 0,
            "OneStarCount": 0,
            "TwoStarCount": 0,
            "ThreeStarCount": 0,
            "FourStarCount": 0,
            "FiveStarCount": 0,
            "Average": 0,
            "OneStarPercentage": 0,
            "TwoStarPercentage": 0,
            "ThreeStarPercentage": 0,
            "FourStarPercentage": 0,
            "FiveStarPercentage": 0
          },
          "HasProductSubs": false,
          "IsSponsoredAd": false,
          "AdID": null,
          "AdIndex": null,
          "ThirdPartyProductInfo": null,
          "MarketFeatures": null,
          "MarketSpecifications": null
        }
      ],
      "Name": "Nakula Organic Yoghurt Natural Unsweetened"
    },
    {
      "Products": [
        {
          "TileID": 0,
          "Stockcode": 125330,
          "Barcode": "9338857100149",
          "GtinFormat": 13,
          "CupPrice": 1,
          "InstoreCupPrice": 1,
          "CupMeasure": "100G",
          "CupString": "$1.00 / 100G",
          "InstoreCupString": "$1.00 / 100G",
          "HasCupPrice": true,
          "InstoreHasCupPrice": true,
          "Price": 10,
          "InstorePrice": 10,
          "Name": "Nakula Organic Coconut Milk Yoghurt With Probiotics Vanilla",
          "UrlFriendlyName": "nakula-organic-coconut-milk-yoghurt-with-probiotics-vanilla",
          "Description": " Nakula Organic Coconut Milk<br>Yoghurt With... 1kg",
          "SmallImageFile": "https://cdn0.woolworths.media/content/wowproductimages/small/125330.jpg",
          "MediumImageFile": "https://cdn0.woolworths.media/content/wowproductimages/medium/125330.jpg",
          "LargeImageFile": "https://cdn0.woolworths.media/content/wowproductimages/large/125330.jpg",
          "IsNew": false,
          "IsOnSpecial": false,
          "InstoreIsOnSpecial": false,
          "IsEdrSpecial": false,
          "SavingsAmount": 0,
          "InstoreSavingsAmount": 0,
          "WasPrice": 10,
          "InstoreWasPrice": 10,
          "QuantityInTrolley": 0,
          "Unit": "Each",
          "MinimumQuantity": 1,
          "HasBeenBoughtBefore": false,
          "IsInTrolley": false,
          "Source": "Aisle.DairyEggsFridge",
          "SupplyLimit": 36,
          "IsRanged": false,
          "IsInStock": true,
          "PackageSize": "1kg",
          "IsPmDelivery": false,
          "IsForCollection": true,
          "IsForDelivery": true,
          "IsForExpress": false,
          "ProductRestrictionMessage": null,
          "ProductWarningMessage": null,
          "CentreTag": {
            "TagContent": null,
            "TagLink": null,
            "FallbackText": null,
            "TagType": "None",
            "MultibuyData": null
          },
          "IsCentreTag": false,
          "ImageTag": {
            "TagContent": null,
            "TagLink": null,
            "FallbackText": "",
            "TagType": "None",
            "MultibuyData": null
          },
          "HeaderTag": null,
          "HasHeaderTag": false,
          "UnitWeightInGrams": 1030,
          "SupplyLimitMessage": "'Nakula Organic Coconut Milk Yoghurt With Probiotics Vanilla' has a supply limit of 36. The quantity in your cart has been reduced accordingly. To purchase a larger quantity, please contact us on 1800 000 610. Please note we do not supply trade orders.",
          "SmallFormatDescription": "Nakula Organic Coconut Milk Yoghurt With Probiotics Vanilla",
          "FullDescription": "Nakula Organic Coconut Milk Yoghurt With Probiotics Vanilla",
          "IsAvailable": true,
          "InstoreIsAvailable": true,
          "IsPurchasable": true,
          "InstoreIsPurchasable": true,
          "AgeRestricted": false,
          "DisplayQuantity": 1,
          "RichDescription": "<p>Nakula Organic Coconut Milk Yoghurt Vanilla with probiotics. Gluten free and with live vegan cultures.<BR><BR>Good For You, Good For Others<br />Every time you buy Nakula products, Nakula donates money to provide drinking water for schools and orphanages in Asia. <br /><br /></p>",
          "IsDeliveryPass": false,
          "HideWasSavedPrice": false,
          "SapCategories": null,
          "Brand": "nakula",
          "IsRestrictedByDeliveryMethod": false,
          "FooterTag": {
            "TagContent": null,
            "TagLink": null,
            "FallbackText": null,
            "TagType": "None",
            "MultibuyData": null
          },
          "IsFooterEnabled": false,
          "Diagnostics": "141",
          "IsBundle": false,
          "IsInFamily": false,
          "ChildProducts": [],
          "UrlOverride": null,
          "AdditionalAttributes": {
            "sapdepartmentname": "FRESH CONVENIENCE",
            "sapdepartmentno": "10",
            "sapcategoryname": "DAIRY - YOGHURT",
            "sapcategoryno": "94",
            "sapsubcategoryname": "DAIRY - YOGHURT MULTI SERVE",
            "sapsubcategoryno": "877",
            "sapsegmentname": "DAIRY ALTERNATIVE MULTIPACK",
            "sapsegmentno": "9",
            "specialsgroupid": null,
            "PiesProductDepartmentNodeId": "1_6E4F4E4",
            "PiesProductDepartmentsjson": "[{\"Id\":\"1_6E4F4E4\",\"Description\":\"Dairy, Eggs & Fridge\"}]",
            "piesdepartmentnamesjson": "[\"Dairy, Eggs & Fridge\"]",
            "piescategorynamesjson": "[\"Yoghurt\"]",
            "piessubcategorynamesjson": "[\"Low & No Fat Yoghurt\"]",
            "servingsize-total-nip": null,
            "servingsperpack-total-nip": null,
            "microwaveable": "False",
            "ovencook": "False",
            "vegetarian": "False",
            "freezable": "False",
            "containsnuts": "False",
            "containsgluten": "False",
            "description": "<p>Nakula Organic Coconut Milk Yoghurt Vanilla with probiotics. Gluten free and with live vegan cultures.<BR><BR>Good For You, Good For Others<br />Every time you buy Nakula products, Nakula donates money to provide drinking water for schools and orphanages in Asia. <br /><br /></p>",
            "ingredients": "Vanilla Coconut Yoghurt 100% (Organic Coconut, Water, Organic Cane Sugar, Native Starch, Stabiliser (Organic Guar Gum), Vanilla Bean Paste (1.8%), Live Vegan Cultures and Probiotics (L. Casei, L. Acidophilus, L. Bulgaricus, S. Thermophilus, Bifidobacterium).",
            "nutritionalinformation": "{\"Name\":\"Nutritional Information\",\"Attributes\":[{\"Id\":705,\"Name\":\"Carbohydrate Quantity Per 100g - Total - NIP\",\"Value\":\"8.2g\",\"Description\":\"Carbohydrate Quantity Per 100g - Total - NIP\",\"SortOrder\":83},{\"Id\":706,\"Name\":\"Carbohydrate Quantity Per Serve - Total - NIP\",\"Value\":\"12.3g\",\"Description\":\"Carbohydrate Quantity Per Serve - Total - NIP\",\"SortOrder\":87},{\"Id\":759,\"Name\":\"Energy kJ Quantity Per 100g - Total - NIP\",\"Value\":\"552kJ\",\"Description\":\"Energy kJ Quantity Per 100g - Total - NIP\",\"SortOrder\":239},{\"Id\":760,\"Name\":\"Energy kJ Quantity Per Serve - Total - NIP\",\"Value\":\"828kJ\",\"Description\":\"Energy kJ Quantity Per Serve - Total - NIP\",\"SortOrder\":243},{\"Id\":253,\"Name\":\"Fat Saturated Quantity Per 100g - Total - NIP\",\"Value\":\"10.5g\",\"Description\":\"Fat Saturated Quantity Per 100g - Total - NIP\",\"SortOrder\":251},{\"Id\":258,\"Name\":\"Fat Saturated Quantity Per Serve - Total - NIP\",\"Value\":\"15.8g\",\"Description\":\"Fat Saturated Quantity Per Serve - Total - NIP\",\"SortOrder\":255},{\"Id\":764,\"Name\":\"Fat Total Quantity Per 100g - Total - NIP\",\"Value\":\"10.5g\",\"Description\":\"Fat Total Quantity Per 100g - Total - NIP\",\"SortOrder\":263},{\"Id\":264,\"Name\":\"Fat Total Quantity Per Serve - Total - NIP\",\"Value\":\"15.8g\",\"Description\":\"Fat Total Quantity Per Serve - Total - NIP\",\"SortOrder\":267},{\"Id\":878,\"Name\":\"Protein Quantity Per 100g - Total - NIP\",\"Value\":\"0.7g\",\"Description\":\"Protein Quantity Per 100g - Total - NIP\",\"SortOrder\":587},{\"Id\":882,\"Name\":\"Protein Quantity Per Serve - Total - NIP\",\"Value\":\"1.1g\",\"Description\":\"Protein Quantity Per Serve - Total - NIP\",\"SortOrder\":591},{\"Id\":477,\"Name\":\"Serving Size - Total - NIP\",\"Value\":\"150g\",\"Description\":\"Serving Size - Total - NIP\",\"SortOrder\":607},{\"Id\":544,\"Name\":\"Servings Per Pack - Total - NIP\",\"Value\":\"Approx6\",\"Description\":\"Servings Per Pack - Total - NIP\",\"SortOrder\":611},{\"Id\":491,\"Name\":\"Sodium Quantity Per 100g - Total - NIP\",\"Value\":\"18mg\",\"Description\":\"Sodium Quantity Per 100g - Total - NIP\",\"SortOrder\":623},{\"Id\":495,\"Name\":\"Sodium Quantity Per Serve - Total - NIP\",\"Value\":\"27mg\",\"Description\":\"Sodium Quantity Per Serve - Total - NIP\",\"SortOrder\":627},{\"Id\":908,\"Name\":\"Sugars Quantity Per 100g - SuffixUnits - NIP\",\"Value\":\"g\",\"Description\":\"Sugars Quantity Per 100g - SuffixUnits - NIP\",\"SortOrder\":646},{\"Id\":909,\"Name\":\"Sugars Quantity Per 100g - Total - NIP\",\"Value\":\"4.5g\",\"Description\":\"Sugars Quantity Per 100g - Total - NIP\",\"SortOrder\":647},{\"Id\":910,\"Name\":\"Sugars Quantity Per 100g - ValueWord - NIP\",\"Value\":\"4.5\",\"Description\":\"Sugars Quantity Per 100g - ValueWord - NIP\",\"SortOrder\":648},{\"Id\":911,\"Name\":\"Sugars Quantity Per Serve - SuffixUnits - NIP\",\"Value\":\"g\",\"Description\":\"Sugars Quantity Per Serve - SuffixUnits - NIP\",\"SortOrder\":650},{\"Id\":912,\"Name\":\"Sugars Quantity Per Serve - Total - NIP\",\"Value\":\"6.8g\",\"Description\":\"Sugars Quantity Per Serve - Total - NIP\",\"SortOrder\":651},{\"Id\":572,\"Name\":\"Sugars Quantity Per Serve - ValueWord - NIP\",\"Value\":\"6.8\",\"Description\":\"Sugars Quantity Per Serve - ValueWord - NIP\",\"SortOrder\":652}]}",
            "storageinstructions": "Refrigerate below 4ºC.",
            "usageinstructions": null,
            "brand": "nakula",
            "manufacturer": null,
            "countryoforigin": null,
            "productheightmm": null,
            "productwidthmm": null,
            "productdepthmm": null,
            "wool_productpackaging": null,
            "recyclableinformation": null,
            "importantinformation": null,
            "allergencontains": null,
            "allergenmaybepresent": null,
            "allergystatement": "Lactose Free",
            "lifestyleanddietarystatement": "Vegan",
            "lifestyleclaim": null,
            "wool_dietaryclaim": null,
            "boxedcontents": null,
            "suitablefor": "Vegan",
            "fragrance": null,
            "colour": null,
            "antioxidant": "False",
            "addedvitaminsandminerals": "False",
            "bpafree": "False",
            "sulfatefree": "False",
            "parabenfree": "False",
            "claims": null,
            "alcoholfree": null,
            "anti-dandruff": null,
            "dermatologicallyapproved": null,
            "dermatologistrecommended": null,
            "dermatologisttested": null,
            "fragrance-free": null,
            "haircolour": null,
            "hairtype": null,
            "hypo-allergenic": null,
            "non-comedogenic": null,
            "oilfree": null,
            "ophthalmologistapproved": null,
            "ophthalmologisttested": null,
            "paba-free": null,
            "skincondition": null,
            "skintype": null,
            "soap-free": null,
            "spf": null,
            "sweatresistant": null,
            "timer": null,
            "waterresistant": null,
            "phbalanced": null,
            "antiseptic": "False",
            "antibacterial": "False",
            "activeconstituents": null,
            "contains": null,
            "microwavesafe": "False",
            "productimagecount": "2",
            "friendlydisclaimer": null,
            "productimages": "125330.jpg,125330_2.jpg",
            "healthstarrating": "0",
            "tgawarnings": null,
            "vendorarticleid": null,
            "vendorcostprice": null,
            "tgawarning": null
          },
          "DetailsImagePaths": [
            "https://cdn0.woolworths.media/content/wowproductimages/large/125330.jpg",
            "https://cdn0.woolworths.media/content/wowproductimages/large/125330_2.jpg"
          ],
          "Variety": "with probiotics vanilla",
          "Rating": {
            "ReviewCount": 0,
            "RatingCount": 0,
            "RatingSum": 0,
            "OneStarCount": 0,
            "TwoStarCount": 0,
            "ThreeStarCount": 0,
            "FourStarCount": 0,
            "FiveStarCount": 0,
            "Average": 0,
            "OneStarPercentage": 0,
            "TwoStarPercentage": 0,
            "ThreeStarPercentage": 0,
            "FourStarPercentage": 0,
            "FiveStarPercentage": 0
          },
          "HasProductSubs": false,
          "IsSponsoredAd": false,
          "AdID": null,
          "AdIndex": null,
          "ThirdPartyProductInfo": null,
          "MarketFeatures": null,
          "MarketSpecifications": null
        }
      ],
      "Name": "Nakula Organic Coconut Milk Yoghurt With Probiotics Vanilla"
    },
    {
      "Products": [
        {
          "TileID": 0,
          "Stockcode": 647416,
          "Barcode": "9310272009801",
          "GtinFormat": 13,
          "CupPrice": 20,
          "InstoreCupPrice": 20,
          "CupMeasure": "1KG",
          "CupString": "$20.00 / 1KG",
          "InstoreCupString": "$20.00 / 1KG",
          "HasCupPrice": true,
          "InstoreHasCupPrice": true,
          "Price": 10,
          "InstorePrice": 10,
          "Name": "Norco Elbo Style Cheese Block",
          "UrlFriendlyName": "norco-elbo-style-cheese-block",
          "Description": " Norco Elbo Style Cheese<br>Block 500g",
          "SmallImageFile": "https://cdn0.woolworths.media/content/wowproductimages/small/647416.jpg",
          "MediumImageFile": "https://cdn0.woolworths.media/content/wowproductimages/medium/647416.jpg",
          "LargeImageFile": "https://cdn0.woolworths.media/content/wowproductimages/large/647416.jpg",
          "IsNew": false,
          "IsOnSpecial": false,
          "InstoreIsOnSpecial": false,
          "IsEdrSpecial": false,
          "SavingsAmount": 0,
          "InstoreSavingsAmount": 0,
          "WasPrice": 10,
          "InstoreWasPrice": 10,
          "QuantityInTrolley": 0,
          "Unit": "Each",
          "MinimumQuantity": 1,
          "HasBeenBoughtBefore": false,
          "IsInTrolley": false,
          "Source": "Aisle.DairyEggsFridge",
          "SupplyLimit": 36,
          "IsRanged": false,
          "IsInStock": true,
          "PackageSize": "500g",
          "IsPmDelivery": true,
          "IsForCollection": true,
          "IsForDelivery": true,
          "IsForExpress": false,
          "ProductRestrictionMessage": null,
          "ProductWarningMessage": null,
          "CentreTag": {
            "TagContent": null,
            "TagLink": null,
            "FallbackText": null,
            "TagType": "None",
            "MultibuyData": null
          },
          "IsCentreTag": false,
          "ImageTag": {
            "TagContent": null,
            "TagLink": null,
            "FallbackText": "",
            "TagType": "None",
            "MultibuyData": null
          },
          "HeaderTag": null,
          "HasHeaderTag": false,
          "UnitWeightInGrams": 502,
          "SupplyLimitMessage": "'Norco Elbo Style Cheese Block' has a supply limit of 36. The quantity in your cart has been reduced accordingly. To purchase a larger quantity, please contact us on 1800 000 610. Please note we do not supply trade orders.",
          "SmallFormatDescription": "Norco Elbo Style Cheese Block",
          "FullDescription": "Norco Elbo Style Cheese Block",
          "IsAvailable": true,
          "InstoreIsAvailable": true,
          "IsPurchasable": true,
          "InstoreIsPurchasable": true,
          "AgeRestricted": false,
          "DisplayQuantity": 1,
          "RichDescription": "<p>Reduced salt##Norco Natural Cheese Co. Elbo contains at least 50% less sodium than regular tasty cheddar.Did you know Our Elbo Style cheese has reduced salt. Small amounts of salt are essential for good health. However, blood levels of sodium are carefully controlled by your kidneys. Eating too much salt forces the kidneys to work even harder, and can increase blood pressure. If you have high blood pressure, heart disease or your body is holding extra fluid (such as in heart failure, kidney or liver disease), it is even more important to limit the amount of salt in your diet.</p>",
          "IsDeliveryPass": false,
          "HideWasSavedPrice": false,
          "SapCategories": null,
          "Brand": "norco",
          "IsRestrictedByDeliveryMethod": false,
          "FooterTag": {
            "TagContent": null,
            "TagLink": null,
            "FallbackText": null,
            "TagType": "None",
            "MultibuyData": null
          },
          "IsFooterEnabled": true,
          "Diagnostics": "142",
          "IsBundle": false,
          "IsInFamily": false,
          "ChildProducts": [],
          "UrlOverride": null,
          "AdditionalAttributes": {
            "sapdepartmentname": "FRESH CONVENIENCE",
            "sapdepartmentno": "10",
            "sapcategoryname": "CHEESE EVERYDAY",
            "sapcategoryno": "91",
            "sapsubcategoryname": "CHEESE EVERYDAY",
            "sapsubcategoryno": "871",
            "sapsegmentname": "BLOCK MEDIUM 250G-699G",
            "sapsegmentno": "27",
            "specialsgroupid": null,
            "PiesProductDepartmentNodeId": "1_6E4F4E4",
            "PiesProductDepartmentsjson": "[{\"Id\":\"1_6E4F4E4\",\"Description\":\"Dairy, Eggs & Fridge\"}]",
            "piesdepartmentnamesjson": "[\"Dairy, Eggs & Fridge\"]",
            "piescategorynamesjson": "[\"Cheese\"]",
            "piessubcategorynamesjson": "[\"Block Cheese\",\"Entertaining Cheese\",\"Snacking Cheese\"]",
            "servingsize-total-nip": null,
            "servingsperpack-total-nip": null,
            "microwaveable": "False",
            "ovencook": "False",
            "vegetarian": "False",
            "freezable": "False",
            "containsnuts": "False",
            "containsgluten": "False",
            "description": "<p>Reduced salt##Norco Natural Cheese Co. Elbo contains at least 50% less sodium than regular tasty cheddar.Did you know Our Elbo Style cheese has reduced salt. Small amounts of salt are essential for good health. However, blood levels of sodium are carefully controlled by your kidneys. Eating too much salt forces the kidneys to work even harder, and can increase blood pressure. If you have high blood pressure, heart disease or your body is holding extra fluid (such as in heart failure, kidney or liver disease), it is even more important to limit the amount of salt in your diet.</p>",
            "ingredients": "Pasteurised Milk, Starter Culture, Non-Animal Setting Enzyme, Sodium Chloride, Potassium Chloride",
            "nutritionalinformation": "{\"Name\":\"Nutritional Information\",\"Attributes\":[{\"Id\":705,\"Name\":\"Carbohydrate Quantity Per 100g - Total - NIP\",\"Value\":\"0.5g\",\"Description\":\"Carbohydrate Quantity Per 100g - Total - NIP\",\"SortOrder\":83},{\"Id\":759,\"Name\":\"Energy kJ Quantity Per 100g - Total - NIP\",\"Value\":\"1663kJ\",\"Description\":\"Energy kJ Quantity Per 100g - Total - NIP\",\"SortOrder\":239},{\"Id\":253,\"Name\":\"Fat Saturated Quantity Per 100g - Total - NIP\",\"Value\":\"21.65g\",\"Description\":\"Fat Saturated Quantity Per 100g - Total - NIP\",\"SortOrder\":251},{\"Id\":764,\"Name\":\"Fat Total Quantity Per 100g - Total - NIP\",\"Value\":\"32.8g\",\"Description\":\"Fat Total Quantity Per 100g - Total - NIP\",\"SortOrder\":263},{\"Id\":878,\"Name\":\"Protein Quantity Per 100g - Total - NIP\",\"Value\":\"24.6g\",\"Description\":\"Protein Quantity Per 100g - Total - NIP\",\"SortOrder\":587},{\"Id\":544,\"Name\":\"Servings Per Pack - Total - NIP\",\"Value\":\"20\",\"Description\":\"Servings Per Pack - Total - NIP\",\"SortOrder\":611},{\"Id\":491,\"Name\":\"Sodium Quantity Per 100g - Total - NIP\",\"Value\":\"684mg\",\"Description\":\"Sodium Quantity Per 100g - Total - NIP\",\"SortOrder\":623},{\"Id\":908,\"Name\":\"Sugars Quantity Per 100g - SuffixUnits - NIP\",\"Value\":\"g\",\"Description\":\"Sugars Quantity Per 100g - SuffixUnits - NIP\",\"SortOrder\":646},{\"Id\":909,\"Name\":\"Sugars Quantity Per 100g - Total - NIP\",\"Value\":\"0.4g\",\"Description\":\"Sugars Quantity Per 100g - Total - NIP\",\"SortOrder\":647},{\"Id\":910,\"Name\":\"Sugars Quantity Per 100g - ValueWord - NIP\",\"Value\":\"0.4\",\"Description\":\"Sugars Quantity Per 100g - ValueWord - NIP\",\"SortOrder\":648}]}",
            "storageinstructions": "Keep Refrigerated",
            "usageinstructions": null,
            "brand": "norco",
            "manufacturer": null,
            "countryoforigin": null,
            "productheightmm": null,
            "productwidthmm": null,
            "productdepthmm": null,
            "wool_productpackaging": null,
            "recyclableinformation": null,
            "importantinformation": null,
            "allergencontains": "Milk",
            "allergenmaybepresent": null,
            "allergystatement": "Fish Free",
            "lifestyleanddietarystatement": "Vegetarian",
            "lifestyleclaim": "Vegetarian",
            "wool_dietaryclaim": null,
            "boxedcontents": null,
            "suitablefor": "Vegetarian",
            "fragrance": null,
            "colour": null,
            "antioxidant": "False",
            "addedvitaminsandminerals": "False",
            "bpafree": "False",
            "sulfatefree": "False",
            "parabenfree": "False",
            "claims": null,
            "alcoholfree": null,
            "anti-dandruff": null,
            "dermatologicallyapproved": null,
            "dermatologistrecommended": null,
            "dermatologisttested": null,
            "fragrance-free": null,
            "haircolour": null,
            "hairtype": null,
            "hypo-allergenic": null,
            "non-comedogenic": null,
            "oilfree": null,
            "ophthalmologistapproved": null,
            "ophthalmologisttested": null,
            "paba-free": null,
            "skincondition": null,
            "skintype": null,
            "soap-free": null,
            "spf": null,
            "sweatresistant": null,
            "timer": null,
            "waterresistant": null,
            "phbalanced": null,
            "antiseptic": "False",
            "antibacterial": "False",
            "activeconstituents": null,
            "contains": null,
            "microwavesafe": "False",
            "productimagecount": "1",
            "friendlydisclaimer": null,
            "productimages": "647416.jpg",
            "healthstarrating": "0",
            "tgawarnings": null,
            "vendorarticleid": null,
            "vendorcostprice": null,
            "tgawarning": null
          },
          "DetailsImagePaths": [
            "https://cdn0.woolworths.media/content/wowproductimages/large/647416.jpg"
          ],
          "Variety": "cheese block",
          "Rating": {
            "ReviewCount": 0,
            "RatingCount": 0,
            "RatingSum": 0,
            "OneStarCount": 0,
            "TwoStarCount": 0,
            "ThreeStarCount": 0,
            "FourStarCount": 0,
            "FiveStarCount": 0,
            "Average": 0,
            "OneStarPercentage": 0,
            "TwoStarPercentage": 0,
            "ThreeStarPercentage": 0,
            "FourStarPercentage": 0,
            "FiveStarPercentage": 0
          },
          "HasProductSubs": false,
          "IsSponsoredAd": false,
          "AdID": null,
          "AdIndex": null,
          "ThirdPartyProductInfo": null,
          "MarketFeatures": null,
          "MarketSpecifications": null
        }
      ],
      "Name": "Norco Elbo Style Cheese Block"
    },
    {
      "Products": [
        {
          "TileID": 0,
          "Stockcode": 65223,
          "Barcode": "9300605131668",
          "GtinFormat": 13,
          "CupPrice": 44.25,
          "InstoreCupPrice": 44.25,
          "CupMeasure": "1KG",
          "CupString": "$44.25 / 1KG",
          "InstoreCupString": "$44.25 / 1KG",
          "HasCupPrice": true,
          "InstoreHasCupPrice": true,
          "Price": 10,
          "InstorePrice": 10,
          "Name": "Nestlé Australia Harvest Gourmet Plant Based Incredible Vegan Burger",
          "UrlFriendlyName": "nestl-australia-harvest-gourmet-plant-based-incredible-vegan-burger",
          "Description": " Nestlé Australia Harvest<br>Gourmet Plant Based... 226g",
          "SmallImageFile": "https://cdn0.woolworths.media/content/wowproductimages/small/065223.jpg",
          "MediumImageFile": "https://cdn0.woolworths.media/content/wowproductimages/medium/065223.jpg",
          "LargeImageFile": "https://cdn0.woolworths.media/content/wowproductimages/large/065223.jpg",
          "IsNew": false,
          "IsOnSpecial": false,
          "InstoreIsOnSpecial": false,
          "IsEdrSpecial": false,
          "SavingsAmount": 0,
          "InstoreSavingsAmount": 0,
          "WasPrice": 10,
          "InstoreWasPrice": 10,
          "QuantityInTrolley": 0,
          "Unit": "Each",
          "MinimumQuantity": 1,
          "HasBeenBoughtBefore": false,
          "IsInTrolley": false,
          "Source": "Aisle.DairyEggsFridge",
          "SupplyLimit": 36,
          "IsRanged": false,
          "IsInStock": true,
          "PackageSize": "226g",
          "IsPmDelivery": true,
          "IsForCollection": true,
          "IsForDelivery": true,
          "IsForExpress": false,
          "ProductRestrictionMessage": null,
          "ProductWarningMessage": null,
          "CentreTag": {
            "TagContent": null,
            "TagLink": null,
            "FallbackText": null,
            "TagType": "None",
            "MultibuyData": null
          },
          "IsCentreTag": false,
          "ImageTag": {
            "TagContent": null,
            "TagLink": null,
            "FallbackText": "",
            "TagType": "None",
            "MultibuyData": null
          },
          "HeaderTag": null,
          "HasHeaderTag": false,
          "UnitWeightInGrams": 160,
          "SupplyLimitMessage": "'Nestlé Australia Harvest Gourmet Plant Based Incredible Vegan Burger' has a supply limit of 36. The quantity in your cart has been reduced accordingly. To purchase a larger quantity, please contact us on 1800 000 610. Please note we do not supply trade orders.",
          "SmallFormatDescription": "Nestlé Australia Harvest Gourmet Plant Based Incredible Vegan Burger",
          "FullDescription": "Nestlé Australia Harvest Gourmet Plant Based Incredible Vegan Burger",
          "IsAvailable": true,
          "InstoreIsAvailable": true,
          "IsPurchasable": true,
          "InstoreIsPurchasable": true,
          "AgeRestricted": false,
          "DisplayQuantity": 1,
          "RichDescription": "No compromise! Whether you throw it on to your BBQ or into the pan, it sizzles and looks like the real deal. It sears beautifully outside, remaining juicy and tender inside. Discover for yourself why we had to call it the Incredible Burger!",
          "IsDeliveryPass": false,
          "HideWasSavedPrice": false,
          "SapCategories": null,
          "Brand": "nestlé australia",
          "IsRestrictedByDeliveryMethod": false,
          "FooterTag": {
            "TagContent": null,
            "TagLink": null,
            "FallbackText": null,
            "TagType": "None",
            "MultibuyData": null
          },
          "IsFooterEnabled": true,
          "Diagnostics": "143",
          "IsBundle": false,
          "IsInFamily": false,
          "ChildProducts": [],
          "UrlOverride": null,
          "AdditionalAttributes": {
            "sapdepartmentname": "FRESH CONVENIENCE",
            "sapdepartmentno": "10",
            "sapcategoryname": "DAIRY - QUICK & EASY MEALS",
            "sapcategoryno": "14",
            "sapsubcategoryname": "PLANT BASED PROTEIN",
            "sapsubcategoryno": "854",
            "sapsegmentname": "BURGER",
            "sapsegmentno": "1",
            "specialsgroupid": null,
            "PiesProductDepartmentNodeId": "1_6E4F4E4",
            "PiesProductDepartmentsjson": "[{\"Id\":\"1_6E4F4E4\",\"Description\":\"Dairy, Eggs & Fridge\"},{\"Id\":\"1_C4BB750\",\"Description\":\"Easter\"}]",
            "piesdepartmentnamesjson": "[\"Dairy, Eggs & Fridge\",\"Easter\"]",
            "piescategorynamesjson": "[\"Vegetarian & Vegan\",\"Vegetarian & Vegan\"]",
            "piessubcategorynamesjson": "[\"Plant-based Alternatives\",\"Vegetarian & Meat Free\"]",
            "servingsize-total-nip": null,
            "servingsperpack-total-nip": null,
            "microwaveable": "False",
            "ovencook": "False",
            "vegetarian": "False",
            "freezable": "False",
            "containsnuts": "False",
            "containsgluten": "False",
            "description": "No compromise! Whether you throw it on to your BBQ or into the pan, it sizzles and looks like the real deal. It sears beautifully outside, remaining juicy and tender inside. Discover for yourself why we had to call it the Incredible Burger!",
            "ingredients": "Water,  Soy  Protein (18.5%), Vegetable Oils, Flavours,  Wheat   Gluten , Stabilizer (Methylcellulose), Vinegar, Vegetable and Fruit Concentrates (Beetroot, Carrot, Red Capsicum, Blackcurrant), Salt, Malt Extract  (Barley).",
            "nutritionalinformation": "{\"Name\":\"Nutritional Information\",\"Attributes\":[{\"Id\":705,\"Name\":\"Carbohydrate Quantity Per 100g - Total - NIP\",\"Value\":\"Approx.2.9g\",\"Description\":\"Carbohydrate Quantity Per 100g - Total - NIP\",\"SortOrder\":83},{\"Id\":706,\"Name\":\"Carbohydrate Quantity Per Serve - Total - NIP\",\"Value\":\"Approx.3.3g\",\"Description\":\"Carbohydrate Quantity Per Serve - Total - NIP\",\"SortOrder\":87},{\"Id\":759,\"Name\":\"Energy kJ Quantity Per 100g - Total - NIP\",\"Value\":\"Approx.815kJ\",\"Description\":\"Energy kJ Quantity Per 100g - Total - NIP\",\"SortOrder\":239},{\"Id\":760,\"Name\":\"Energy kJ Quantity Per Serve - Total - NIP\",\"Value\":\"Approx.925kJ\",\"Description\":\"Energy kJ Quantity Per Serve - Total - NIP\",\"SortOrder\":243},{\"Id\":253,\"Name\":\"Fat Saturated Quantity Per 100g - Total - NIP\",\"Value\":\"Approx.4g\",\"Description\":\"Fat Saturated Quantity Per 100g - Total - NIP\",\"SortOrder\":251},{\"Id\":258,\"Name\":\"Fat Saturated Quantity Per Serve - Total - NIP\",\"Value\":\"Approx.4.5g\",\"Description\":\"Fat Saturated Quantity Per Serve - Total - NIP\",\"SortOrder\":255},{\"Id\":764,\"Name\":\"Fat Total Quantity Per 100g - Total - NIP\",\"Value\":\"Approx.13.3g\",\"Description\":\"Fat Total Quantity Per 100g - Total - NIP\",\"SortOrder\":263},{\"Id\":264,\"Name\":\"Fat Total Quantity Per Serve - Total - NIP\",\"Value\":\"Approx.15g\",\"Description\":\"Fat Total Quantity Per Serve - Total - NIP\",\"SortOrder\":267},{\"Id\":878,\"Name\":\"Protein Quantity Per 100g - Total - NIP\",\"Value\":\"Approx.14.4g\",\"Description\":\"Protein Quantity Per 100g - Total - NIP\",\"SortOrder\":587},{\"Id\":882,\"Name\":\"Protein Quantity Per Serve - Total - NIP\",\"Value\":\"Approx.16.3g\",\"Description\":\"Protein Quantity Per Serve - Total - NIP\",\"SortOrder\":591},{\"Id\":477,\"Name\":\"Serving Size - Total - NIP\",\"Value\":\"113g\",\"Description\":\"Serving Size - Total - NIP\",\"SortOrder\":607},{\"Id\":544,\"Name\":\"Servings Per Pack - Total - NIP\",\"Value\":\"2\",\"Description\":\"Servings Per Pack - Total - NIP\",\"SortOrder\":611},{\"Id\":491,\"Name\":\"Sodium Quantity Per 100g - Total - NIP\",\"Value\":\"Approx.340mg\",\"Description\":\"Sodium Quantity Per 100g - Total - NIP\",\"SortOrder\":623},{\"Id\":495,\"Name\":\"Sodium Quantity Per Serve - Total - NIP\",\"Value\":\"Approx.385mg\",\"Description\":\"Sodium Quantity Per Serve - Total - NIP\",\"SortOrder\":627},{\"Id\":907,\"Name\":\"Sugars Quantity Per 100g - Prefix - NIP\",\"Value\":\"Approx.\",\"Description\":\"Sugars Quantity Per 100g - Prefix - NIP\",\"SortOrder\":645},{\"Id\":908,\"Name\":\"Sugars Quantity Per 100g - SuffixUnits - NIP\",\"Value\":\"g\",\"Description\":\"Sugars Quantity Per 100g - SuffixUnits - NIP\",\"SortOrder\":646},{\"Id\":909,\"Name\":\"Sugars Quantity Per 100g - Total - NIP\",\"Value\":\"Approx.1.3g\",\"Description\":\"Sugars Quantity Per 100g - Total - NIP\",\"SortOrder\":647},{\"Id\":910,\"Name\":\"Sugars Quantity Per 100g - ValueWord - NIP\",\"Value\":\"1.3\",\"Description\":\"Sugars Quantity Per 100g - ValueWord - NIP\",\"SortOrder\":648},{\"Id\":504,\"Name\":\"Sugars Quantity Per Serve - Prefix - NIP\",\"Value\":\"Approx.\",\"Description\":\"Sugars Quantity Per Serve - Prefix - NIP\",\"SortOrder\":649},{\"Id\":911,\"Name\":\"Sugars Quantity Per Serve - SuffixUnits - NIP\",\"Value\":\"g\",\"Description\":\"Sugars Quantity Per Serve - SuffixUnits - NIP\",\"SortOrder\":650},{\"Id\":912,\"Name\":\"Sugars Quantity Per Serve - Total - NIP\",\"Value\":\"Approx.1.5g\",\"Description\":\"Sugars Quantity Per Serve - Total - NIP\",\"SortOrder\":651},{\"Id\":572,\"Name\":\"Sugars Quantity Per Serve - ValueWord - NIP\",\"Value\":\"1.5\",\"Description\":\"Sugars Quantity Per Serve - ValueWord - NIP\",\"SortOrder\":652}]}",
            "storageinstructions": "Keep Refrigerated 0 - 4 °c",
            "usageinstructions": null,
            "brand": "nestlé australia",
            "manufacturer": null,
            "countryoforigin": null,
            "productheightmm": null,
            "productwidthmm": null,
            "productdepthmm": null,
            "wool_productpackaging": null,
            "recyclableinformation": null,
            "importantinformation": null,
            "allergencontains": "Soy, Wheat, Barley",
            "allergenmaybepresent": "Egg, Sesame Seeds, Celery, Mustard",
            "allergystatement": "No Artificial Colours or Flavours",
            "lifestyleanddietarystatement": "Source of Fibre",
            "lifestyleclaim": "Vegetarian, Vegan",
            "wool_dietaryclaim": "Free from Artificial Colours and Flavours.",
            "boxedcontents": null,
            "suitablefor": "Vegetarian, Vegan",
            "fragrance": null,
            "colour": null,
            "antioxidant": "False",
            "addedvitaminsandminerals": "False",
            "bpafree": "False",
            "sulfatefree": "False",
            "parabenfree": "False",
            "claims": null,
            "alcoholfree": null,
            "anti-dandruff": null,
            "dermatologicallyapproved": null,
            "dermatologistrecommended": null,
            "dermatologisttested": null,
            "fragrance-free": null,
            "haircolour": null,
            "hairtype": null,
            "hypo-allergenic": null,
            "non-comedogenic": null,
            "oilfree": null,
            "ophthalmologistapproved": null,
            "ophthalmologisttested": null,
            "paba-free": null,
            "skincondition": null,
            "skintype": null,
            "soap-free": null,
            "spf": null,
            "sweatresistant": null,
            "timer": null,
            "waterresistant": null,
            "phbalanced": null,
            "antiseptic": "False",
            "antibacterial": "False",
            "activeconstituents": null,
            "contains": null,
            "microwavesafe": "False",
            "productimagecount": "3",
            "friendlydisclaimer": null,
            "productimages": "65223.jpg,65223_2.jpg,65223_7.jpg",
            "healthstarrating": "4",
            "tgawarnings": null,
            "vendorarticleid": null,
            "vendorcostprice": null,
            "tgawarning": null
          },
          "DetailsImagePaths": [
            "https://cdn0.woolworths.media/content/wowproductimages/large/065223.jpg",
            "https://cdn0.woolworths.media/content/wowproductimages/large/065223_2.jpg",
            "https://cdn0.woolworths.media/content/wowproductimages/large/065223_7.jpg"
          ],
          "Variety": "incredible vegan burger",
          "Rating": {
            "ReviewCount": 0,
            "RatingCount": 0,
            "RatingSum": 0,
            "OneStarCount": 0,
            "TwoStarCount": 0,
            "ThreeStarCount": 0,
            "FourStarCount": 0,
            "FiveStarCount": 0,
            "Average": 0,
            "OneStarPercentage": 0,
            "TwoStarPercentage": 0,
            "ThreeStarPercentage": 0,
            "FourStarPercentage": 0,
            "FiveStarPercentage": 0
          },
          "HasProductSubs": false,
          "IsSponsoredAd": false,
          "AdID": null,
          "AdIndex": null,
          "ThirdPartyProductInfo": null,
          "MarketFeatures": null,
          "MarketSpecifications": null
        }
      ],
      "Name": "Nestlé Australia Harvest Gourmet Plant Based Incredible Vegan Burger"
    }
  ],
  "TotalRecordCount": 1862,
  "UpperDynamicContent": null,
  "LowerDynamicContent": null,
  "RichRelevancePlacement": {
    "placement_name": null,
    "message": null,
    "Products": [],
    "Items": [],
    "StockcodesForDiscover": []
  },
  "Aggregations": [
    {
      "Name": "Brand",
      "DisplayName": "Brand",
      "Type": "Multi",
      "FilterType": "Term",
      "FilterDataType": "String",
      "Results": null,
      "ResultsGrouped": [
        {
          "Alphabet": "0-9",
          "Filters": []
        },
        {
          "Alphabet": "A",
          "Filters": [
            {
              "Name": "A2",
              "Term": "A2",
              "ExtraOutputFields": {},
              "Min": null,
              "Max": null,
              "Applied": false,
              "Count": 8,
              "Statement": null,
              "DisplayCoachMarks": false
            },
            {
              "Name": "A2 Milk",
              "Term": "A2 Milk",
              "ExtraOutputFields": {},
              "Min": null,
              "Max": null,
              "Applied": false,
              "Count": 1,
              "Statement": null,
              "DisplayCoachMarks": false
            },
            {
              "Name": "Activia",
              "Term": "Activia",
              "ExtraOutputFields": {},
              "Min": null,
              "Max": null,
              "Applied": false,
              "Count": 3,
              "Statement": null,
              "DisplayCoachMarks": false
            },
            {
              "Name": "Alambra",
              "Term": "Alambra",
              "ExtraOutputFields": {},
              "Min": null,
              "Max": null,
              "Applied": false,
              "Count": 2,
              "Statement": null,
              "DisplayCoachMarks": false
            },
            {
              "Name": "All Mighty Bruce",
              "Term": "All Mighty Bruce",
              "ExtraOutputFields": {},
              "Min": null,
              "Max": null,
              "Applied": false,
              "Count": 1,
              "Statement": null,
              "DisplayCoachMarks": false
            },
            {
              "Name": "Allowrie",
              "Term": "Allowrie",
              "ExtraOutputFields": {},
              "Min": null,
              "Max": null,
              "Applied": false,
              "Count": 2,
              "Statement": null,
              "DisplayCoachMarks": false
            },
            {
              "Name": "Allure By Tempo",
              "Term": "Allure By Tempo",
              "ExtraOutputFields": {},
              "Min": null,
              "Max": null,
              "Applied": false,
              "Count": 1,
              "Statement": null,
              "DisplayCoachMarks": false
            },
            {
              "Name": "Almond Breeze",
              "Term": "Almond Breeze",
              "ExtraOutputFields": {},
              "Min": null,
              "Max": null,
              "Applied": false,
              "Count": 5,
              "Statement": null,
              "DisplayCoachMarks": false
            },
            {
              "Name": "Angas Park",
              "Term": "Angas Park",
              "ExtraOutputFields": {},
              "Min": null,
              "Max": null,
              "Applied": false,
              "Count": 2,
              "Statement": null,
              "DisplayCoachMarks": false
            },
            {
              "Name": "Antoniou",
              "Term": "Antoniou",
              "ExtraOutputFields": {},
              "Min": null,
              "Max": null,
              "Applied": false,
              "Count": 1,
              "Statement": null,
              "DisplayCoachMarks": false
            },
            {
              "Name": "Australia's Own",
              "Term": "Australia's Own",
              "ExtraOutputFields": {},
              "Min": null,
              "Max": null,
              "Applied": false,
              "Count": 13,
              "Statement": null,
              "DisplayCoachMarks": false
            }
          ]
        },
        {
          "Alphabet": "B",
          "Filters": [
            {
              "Name": "Babushka",
              "Term": "Babushka",
              "ExtraOutputFields": {},
              "Min": null,
              "Max": null,
              "Applied": false,
              "Count": 2,
              "Statement": null,
              "DisplayCoachMarks": false
            },
            {
              "Name": "Babybel",
              "Term": "Babybel",
              "ExtraOutputFields": {},
              "Min": null,
              "Max": null,
              "Applied": false,
              "Count": 4,
              "Statement": null,
              "DisplayCoachMarks": false
            },
            {
              "Name": "Banquet",
              "Term": "Banquet",
              "ExtraOutputFields": {},
              "Min": null,
              "Max": null,
              "Applied": false,
              "Count": 1,
              "Statement": null,
              "DisplayCoachMarks": false
            },
            {
              "Name": "Barista Bros",
              "Term": "Barista Bros",
              "ExtraOutputFields": {},
              "Min": null,
              "Max": null,
              "Applied": false,
              "Count": 2,
              "Statement": null,
              "DisplayCoachMarks": false
            },
            {
              "Name": "Bean Supreme",
              "Term": "Bean Supreme",
              "ExtraOutputFields": {},
              "Min": null,
              "Max": null,
              "Applied": false,
              "Count": 4,
              "Statement": null,
              "DisplayCoachMarks": false
            },
            {
              "Name": "Bega",
              "Term": "Bega",
              "ExtraOutputFields": {},
              "Min": null,
              "Max": null,
              "Applied": false,
              "Count": 18,
              "Statement": null,
              "DisplayCoachMarks": false
            },
            {
              "Name": "Bekaa",
              "Term": "Bekaa",
              "ExtraOutputFields": {},
              "Min": null,
              "Max": null,
              "Applied": false,
              "Count": 2,
              "Statement": null,
              "DisplayCoachMarks": false
            },
            {
              "Name": "Bertolli",
              "Term": "Bertolli",
              "ExtraOutputFields": {},
              "Min": null,
              "Max": null,
              "Applied": false,
              "Count": 4,
              "Statement": null,
              "DisplayCoachMarks": false
            },
            {
              "Name": "Big M",
              "Term": "Big M",
              "ExtraOutputFields": {},
              "Min": null,
              "Max": null,
              "Applied": false,
              "Count": 1,
              "Statement": null,
              "DisplayCoachMarks": false
            },
            {
              "Name": "Bio Cheese",
              "Term": "Bio Cheese",
              "ExtraOutputFields": {},
              "Min": null,
              "Max": null,
              "Applied": false,
              "Count": 5,
              "Statement": null,
              "DisplayCoachMarks": false
            },
            {
              "Name": "Blue Diamond",
              "Term": "Blue Diamond",
              "ExtraOutputFields": {},
              "Min": null,
              "Max": null,
              "Applied": false,
              "Count": 1,
              "Statement": null,
              "DisplayCoachMarks": false
            },
            {
              "Name": "Bonsoy",
              "Term": "Bonsoy",
              "ExtraOutputFields": {},
              "Min": null,
              "Max": null,
              "Applied": false,
              "Count": 2,
              "Statement": null,
              "DisplayCoachMarks": false
            },
            {
              "Name": "Boursin",
              "Term": "Boursin",
              "ExtraOutputFields": {},
              "Min": null,
              "Max": null,
              "Applied": false,
              "Count": 1,
              "Statement": null,
              "DisplayCoachMarks": false
            },
            {
              "Name": "Brancourts",
              "Term": "Brancourts",
              "ExtraOutputFields": {},
              "Min": null,
              "Max": null,
              "Applied": false,
              "Count": 4,
              "Statement": null,
              "DisplayCoachMarks": false
            },
            {
              "Name": "Brownes",
              "Term": "Brownes",
              "ExtraOutputFields": {},
              "Min": null,
              "Max": null,
              "Applied": false,
              "Count": 4,
              "Statement": null,
              "DisplayCoachMarks": false
            },
            {
              "Name": "Bulla",
              "Term": "Bulla",
              "ExtraOutputFields": {},
              "Min": null,
              "Max": null,
              "Applied": false,
              "Count": 14,
              "Statement": null,
              "DisplayCoachMarks": false
            }
          ]
        },
        {
          "Alphabet": "C",
          "Filters": [
            {
              "Name": "Califia Farms",
              "Term": "Califia Farms",
              "ExtraOutputFields": {},
              "Min": null,
              "Max": null,
              "Applied": false,
              "Count": 3,
              "Statement": null,
              "DisplayCoachMarks": false
            },
            {
              "Name": "Caprilac",
              "Term": "Caprilac",
              "ExtraOutputFields": {},
              "Min": null,
              "Max": null,
              "Applied": false,
              "Count": 1,
              "Statement": null,
              "DisplayCoachMarks": false
            },
            {
              "Name": "Casa Leonardi",
              "Term": "Casa Leonardi",
              "ExtraOutputFields": {},
              "Min": null,
              "Max": null,
              "Applied": false,
              "Count": 1,
              "Statement": null,
              "DisplayCoachMarks": false
            },
            {
              "Name": "Castello",
              "Term": "Castello",
              "ExtraOutputFields": {},
              "Min": null,
              "Max": null,
              "Applied": false,
              "Count": 15,
              "Statement": null,
              "DisplayCoachMarks": false
            },
            {
              "Name": "Chan's Yum Cha",
              "Term": "Chan's Yum Cha",
              "ExtraOutputFields": {},
              "Min": null,
              "Max": null,
              "Applied": false,
              "Count": 3,
              "Statement": null,
              "DisplayCoachMarks": false
            },
            {
              "Name": "Chobani",
              "Term": "Chobani",
              "ExtraOutputFields": {},
              "Min": null,
              "Max": null,
              "Applied": false,
              "Count": 36,
              "Statement": null,
              "DisplayCoachMarks": false
            },
            {
              "Name": "Chris'",
              "Term": "Chris'",
              "ExtraOutputFields": {},
              "Min": null,
              "Max": null,
              "Applied": false,
              "Count": 36,
              "Statement": null,
              "DisplayCoachMarks": false
            },
            {
              "Name": "Chrystal Fresh",
              "Term": "Chrystal Fresh",
              "ExtraOutputFields": {},
              "Min": null,
              "Max": null,
              "Applied": false,
              "Count": 1,
              "Statement": null,
              "DisplayCoachMarks": false
            },
            {
              "Name": "Cocobella",
              "Term": "Cocobella",
              "ExtraOutputFields": {},
              "Min": null,
              "Max": null,
              "Applied": false,
              "Count": 8,
              "Statement": null,
              "DisplayCoachMarks": false
            },
            {
              "Name": "Coon",
              "Term": "Coon",
              "ExtraOutputFields": {},
              "Min": null,
              "Max": null,
              "Applied": false,
              "Count": 11,
              "Statement": null,
              "DisplayCoachMarks": false
            },
            {
              "Name": "Copha",
              "Term": "Copha",
              "ExtraOutputFields": {},
              "Min": null,
              "Max": null,
              "Applied": false,
              "Count": 1,
              "Statement": null,
              "DisplayCoachMarks": false
            },
            {
              "Name": "Coyo",
              "Term": "Coyo",
              "ExtraOutputFields": {},
              "Min": null,
              "Max": null,
              "Applied": false,
              "Count": 1,
              "Statement": null,
              "DisplayCoachMarks": false
            },
            {
              "Name": "COYO",
              "Term": "COYO",
              "ExtraOutputFields": {},
              "Min": null,
              "Max": null,
              "Applied": false,
              "Count": 1,
              "Statement": null,
              "DisplayCoachMarks": false
            },
            {
              "Name": "Cracker Barrel",
              "Term": "Cracker Barrel",
              "ExtraOutputFields": {},
              "Min": null,
              "Max": null,
              "Applied": false,
              "Count": 8,
              "Statement": null,
              "DisplayCoachMarks": false
            },
            {
              "Name": "Creative Foods",
              "Term": "Creative Foods",
              "ExtraOutputFields": {},
              "Min": null,
              "Max": null,
              "Applied": false,
              "Count": 1,
              "Statement": null,
              "DisplayCoachMarks": false
            }
          ]
        },
        {
          "Alphabet": "D",
          "Filters": [
            {
              "Name": "Dairy Farmers",
              "Term": "Dairy Farmers",
              "ExtraOutputFields": {},
              "Min": null,
              "Max": null,
              "Applied": false,
              "Count": 35,
              "Statement": null,
              "DisplayCoachMarks": false
            },
            {
              "Name": "Dairylea",
              "Term": "Dairylea",
              "ExtraOutputFields": {},
              "Min": null,
              "Max": null,
              "Applied": false,
              "Count": 5,
              "Statement": null,
              "DisplayCoachMarks": false
            },
            {
              "Name": "Dairyworks",
              "Term": "Dairyworks",
              "ExtraOutputFields": {},
              "Min": null,
              "Max": null,
              "Applied": false,
              "Count": 17,
              "Statement": null,
              "DisplayCoachMarks": false
            },
            {
              "Name": "Daly Potato Co.",
              "Term": "Daly Potato Co.",
              "ExtraOutputFields": {},
              "Min": null,
              "Max": null,
              "Applied": false,
              "Count": 1,
              "Statement": null,
              "DisplayCoachMarks": false
            },
            {
              "Name": "Danone",
              "Term": "Danone",
              "ExtraOutputFields": {},
              "Min": null,
              "Max": null,
              "Applied": false,
              "Count": 40,
              "Statement": null,
              "DisplayCoachMarks": false
            },
            {
              "Name": "Dare",
              "Term": "Dare",
              "ExtraOutputFields": {},
              "Min": null,
              "Max": null,
              "Applied": false,
              "Count": 12,
              "Statement": null,
              "DisplayCoachMarks": false
            },
            {
              "Name": "Darikay",
              "Term": "Darikay",
              "ExtraOutputFields": {},
              "Min": null,
              "Max": null,
              "Applied": false,
              "Count": 9,
              "Statement": null,
              "DisplayCoachMarks": false
            },
            {
              "Name": "Della Rosa",
              "Term": "Della Rosa",
              "ExtraOutputFields": {},
              "Min": null,
              "Max": null,
              "Applied": false,
              "Count": 13,
              "Statement": null,
              "DisplayCoachMarks": false
            },
            {
              "Name": "Devondale",
              "Term": "Devondale",
              "ExtraOutputFields": {},
              "Min": null,
              "Max": null,
              "Applied": false,
              "Count": 19,
              "Statement": null,
              "DisplayCoachMarks": false
            },
            {
              "Name": "Diploma",
              "Term": "Diploma",
              "ExtraOutputFields": {},
              "Min": null,
              "Max": null,
              "Applied": false,
              "Count": 1,
              "Statement": null,
              "DisplayCoachMarks": false
            },
            {
              "Name": "Divine Classic",
              "Term": "Divine Classic",
              "ExtraOutputFields": {},
              "Min": null,
              "Max": null,
              "Applied": false,
              "Count": 1,
              "Statement": null,
              "DisplayCoachMarks": false
            },
            {
              "Name": "Dodoni",
              "Term": "Dodoni",
              "ExtraOutputFields": {},
              "Min": null,
              "Max": null,
              "Applied": false,
              "Count": 5,
              "Statement": null,
              "DisplayCoachMarks": false
            }
          ]
        },
        {
          "Alphabet": "E",
          "Filters": [
            {
              "Name": "Easiyo",
              "Term": "Easiyo",
              "ExtraOutputFields": {},
              "Min": null,
              "Max": null,
              "Applied": false,
              "Count": 11,
              "Statement": null,
              "DisplayCoachMarks": false
            },
            {
              "Name": "EasiYo",
              "Term": "EasiYo",
              "ExtraOutputFields": {},
              "Min": null,
              "Max": null,
              "Applied": false,
              "Count": 1,
              "Statement": null,
              "DisplayCoachMarks": false
            },
            {
              "Name": "Eskal",
              "Term": "Eskal",
              "ExtraOutputFields": {},
              "Min": null,
              "Max": null,
              "Applied": false,
              "Count": 6,
              "Statement": null,
              "DisplayCoachMarks": false
            },
            {
              "Name": "Essentials",
              "Term": "Essentials",
              "ExtraOutputFields": {},
              "Min": null,
              "Max": null,
              "Applied": false,
              "Count": 9,
              "Statement": null,
              "DisplayCoachMarks": false
            },
            {
              "Name": "Ever Green",
              "Term": "Ever Green",
              "ExtraOutputFields": {},
              "Min": null,
              "Max": null,
              "Applied": false,
              "Count": 2,
              "Statement": null,
              "DisplayCoachMarks": false
            },
            {
              "Name": "Evergreen",
              "Term": "Evergreen",
              "ExtraOutputFields": {},
              "Min": null,
              "Max": null,
              "Applied": false,
              "Count": 16,
              "Statement": null,
              "DisplayCoachMarks": false
            },
            {
              "Name": "Evia",
              "Term": "Evia",
              "ExtraOutputFields": {},
              "Min": null,
              "Max": null,
              "Applied": false,
              "Count": 5,
              "Statement": null,
              "DisplayCoachMarks": false
            }
          ]
        },
        {
          "Alphabet": "F",
          "Filters": [
            {
              "Name": "Fable",
              "Term": "Fable",
              "ExtraOutputFields": {},
              "Min": null,
              "Max": null,
              "Applied": false,
              "Count": 4,
              "Statement": null,
              "DisplayCoachMarks": false
            },
            {
              "Name": "Fairy",
              "Term": "Fairy",
              "ExtraOutputFields": {},
              "Min": null,
              "Max": null,
              "Applied": false,
              "Count": 1,
              "Statement": null,
              "DisplayCoachMarks": false
            },
            {
              "Name": "Fancy Plants",
              "Term": "Fancy Plants",
              "ExtraOutputFields": {},
              "Min": null,
              "Max": null,
              "Applied": false,
              "Count": 2,
              "Statement": null,
              "DisplayCoachMarks": false
            },
            {
              "Name": "Fantastic",
              "Term": "Fantastic",
              "ExtraOutputFields": {},
              "Min": null,
              "Max": null,
              "Applied": false,
              "Count": 2,
              "Statement": null,
              "DisplayCoachMarks": false
            },
            {
              "Name": "Farmers Own",
              "Term": "Farmers Own",
              "ExtraOutputFields": {},
              "Min": null,
              "Max": null,
              "Applied": false,
              "Count": 6,
              "Statement": null,
              "DisplayCoachMarks": false
            },
            {
              "Name": "Farmers Union",
              "Term": "Farmers Union",
              "ExtraOutputFields": {},
              "Min": null,
              "Max": null,
              "Applied": false,
              "Count": 16,
              "Statement": null,
              "DisplayCoachMarks": false
            },
            {
              "Name": "Farmhouse Gold",
              "Term": "Farmhouse Gold",
              "ExtraOutputFields": {},
              "Min": null,
              "Max": null,
              "Applied": false,
              "Count": 1,
              "Statement": null,
              "DisplayCoachMarks": false
            },
            {
              "Name": "Fifya",
              "Term": "Fifya",
              "ExtraOutputFields": {},
              "Min": null,
              "Max": null,
              "Applied": false,
              "Count": 2,
              "Statement": null,
              "DisplayCoachMarks": false
            },
            {
              "Name": "First Press",
              "Term": "First Press",
              "ExtraOutputFields": {},
              "Min": null,
              "Max": null,
              "Applied": false,
              "Count": 2,
              "Statement": null,
              "DisplayCoachMarks": false
            },
            {
              "Name": "Five:Am",
              "Term": "Five:Am",
              "ExtraOutputFields": {},
              "Min": null,
              "Max": null,
              "Applied": false,
              "Count": 9,
              "Statement": null,
              "DisplayCoachMarks": false
            },
            {
              "Name": "Flora",
              "Term": "Flora",
              "ExtraOutputFields": {},
              "Min": null,
              "Max": null,
              "Applied": false,
              "Count": 19,
              "Statement": null,
              "DisplayCoachMarks": false
            },
            {
              "Name": "Foster Clark's",
              "Term": "Foster Clark's",
              "ExtraOutputFields": {},
              "Min": null,
              "Max": null,
              "Applied": false,
              "Count": 6,
              "Statement": null,
              "DisplayCoachMarks": false
            },
            {
              "Name": "Fresh Fodder",
              "Term": "Fresh Fodder",
              "ExtraOutputFields": {},
              "Min": null,
              "Max": null,
              "Applied": false,
              "Count": 3,
              "Statement": null,
              "DisplayCoachMarks": false
            },
            {
              "Name": "Frico",
              "Term": "Frico",
              "ExtraOutputFields": {},
              "Min": null,
              "Max": null,
              "Applied": false,
              "Count": 10,
              "Statement": null,
              "DisplayCoachMarks": false
            },
            {
              "Name": "Fromager D'Affinois",
              "Term": "Fromager D'Affinois",
              "ExtraOutputFields": {},
              "Min": null,
              "Max": null,
              "Applied": false,
              "Count": 2,
              "Statement": null,
              "DisplayCoachMarks": false
            }
          ]
        },
        {
          "Alphabet": "G",
          "Filters": [
            {
              "Name": "Garlo's",
              "Term": "Garlo's",
              "ExtraOutputFields": {},
              "Min": null,
              "Max": null,
              "Applied": false,
              "Count": 2,
              "Statement": null,
              "DisplayCoachMarks": false
            },
            {
              "Name": "Geoff Jansz",
              "Term": "Geoff Jansz",
              "ExtraOutputFields": {},
              "Min": null,
              "Max": null,
              "Applied": false,
              "Count": 2,
              "Statement": null,
              "DisplayCoachMarks": false
            },
            {
              "Name": "Gippsland",
              "Term": "Gippsland",
              "ExtraOutputFields": {},
              "Min": null,
              "Max": null,
              "Applied": false,
              "Count": 20,
              "Statement": null,
              "DisplayCoachMarks": false
            },
            {
              "Name": "Gold'N Canola",
              "Term": "Gold'N Canola",
              "ExtraOutputFields": {},
              "Min": null,
              "Max": null,
              "Applied": false,
              "Count": 1,
              "Statement": null,
              "DisplayCoachMarks": false
            },
            {
              "Name": "Good Bones",
              "Term": "Good Bones",
              "ExtraOutputFields": {},
              "Min": null,
              "Max": null,
              "Applied": false,
              "Count": 2,
              "Statement": null,
              "DisplayCoachMarks": false
            },
            {
              "Name": "Grand Italian",
              "Term": "Grand Italian",
              "ExtraOutputFields": {},
              "Min": null,
              "Max": null,
              "Applied": false,
              "Count": 5,
              "Statement": null,
              "DisplayCoachMarks": false
            },
            {
              "Name": "Greek Family Farm",
              "Term": "Greek Family Farm",
              "ExtraOutputFields": {},
              "Min": null,
              "Max": null,
              "Applied": false,
              "Count": 1,
              "Statement": null,
              "DisplayCoachMarks": false
            },
            {
              "Name": "Guilleteau",
              "Term": "Guilleteau",
              "ExtraOutputFields": {},
              "Min": null,
              "Max": null,
              "Applied": false,
              "Count": 1,
              "Statement": null,
              "DisplayCoachMarks": false
            },
            {
              "Name": "Guzzi's",
              "Term": "Guzzi's",
              "ExtraOutputFields": {},
              "Min": null,
              "Max": null,
              "Applied": false,
              "Count": 1,
              "Statement": null,
              "DisplayCoachMarks": false
            }
          ]
        },
        {
          "Alphabet": "H",
          "Filters": [
            {
              "Name": "Hakka",
              "Term": "Hakka",
              "ExtraOutputFields": {},
              "Min": null,
              "Max": null,
              "Applied": false,
              "Count": 8,
              "Statement": null,
              "DisplayCoachMarks": false
            },
            {
              "Name": "Hans",
              "Term": "Hans",
              "ExtraOutputFields": {},
              "Min": null,
              "Max": null,
              "Applied": false,
              "Count": 4,
              "Statement": null,
              "DisplayCoachMarks": false
            },
            {
              "Name": "Hero",
              "Term": "Hero",
              "ExtraOutputFields": {},
              "Min": null,
              "Max": null,
              "Applied": false,
              "Count": 1,
              "Statement": null,
              "DisplayCoachMarks": false
            },
            {
              "Name": "Hillview",
              "Term": "Hillview",
              "ExtraOutputFields": {},
              "Min": null,
              "Max": null,
              "Applied": false,
              "Count": 4,
              "Statement": null,
              "DisplayCoachMarks": false
            },
            {
              "Name": "Holland House",
              "Term": "Holland House",
              "ExtraOutputFields": {},
              "Min": null,
              "Max": null,
              "Applied": false,
              "Count": 1,
              "Statement": null,
              "DisplayCoachMarks": false
            },
            {
              "Name": "Hunt And Brew",
              "Term": "Hunt And Brew",
              "ExtraOutputFields": {},
              "Min": null,
              "Max": null,
              "Applied": false,
              "Count": 2,
              "Statement": null,
              "DisplayCoachMarks": false
            },
            {
              "Name": "Hunter Belle",
              "Term": "Hunter Belle",
              "ExtraOutputFields": {},
              "Min": null,
              "Max": null,
              "Applied": false,
              "Count": 2,
              "Statement": null,
              "DisplayCoachMarks": false
            },
            {
              "Name": "Hunter Valley",
              "Term": "Hunter Valley",
              "ExtraOutputFields": {},
              "Min": null,
              "Max": null,
              "Applied": false,
              "Count": 1,
              "Statement": null,
              "DisplayCoachMarks": false
            }
          ]
        },
        {
          "Alphabet": "I",
          "Filters": [
            {
              "Name": "I Pastai",
              "Term": "I Pastai",
              "ExtraOutputFields": {},
              "Min": null,
              "Max": null,
              "Applied": false,
              "Count": 9,
              "Statement": null,
              "DisplayCoachMarks": false
            },
            {
              "Name": "Ice Break",
              "Term": "Ice Break",
              "ExtraOutputFields": {},
              "Min": null,
              "Max": null,
              "Applied": false,
              "Count": 5,
              "Statement": null,
              "DisplayCoachMarks": false
            },
            {
              "Name": "Inside Out",
              "Term": "Inside Out",
              "ExtraOutputFields": {},
              "Min": null,
              "Max": null,
              "Applied": false,
              "Count": 6,
              "Statement": null,
              "DisplayCoachMarks": false
            }
          ]
        },
        {
          "Alphabet": "J",
          "Filters": [
            {
              "Name": "Jacquin",
              "Term": "Jacquin",
              "ExtraOutputFields": {},
              "Min": null,
              "Max": null,
              "Applied": false,
              "Count": 2,
              "Statement": null,
              "DisplayCoachMarks": false
            },
            {
              "Name": "Jalna",
              "Term": "Jalna",
              "ExtraOutputFields": {},
              "Min": null,
              "Max": null,
              "Applied": false,
              "Count": 10,
              "Statement": null,
              "DisplayCoachMarks": false
            },
            {
              "Name": "Jarlsberg",
              "Term": "Jarlsberg",
              "ExtraOutputFields": {},
              "Min": null,
              "Max": null,
              "Applied": false,
              "Count": 5,
              "Statement": null,
              "DisplayCoachMarks": false
            },
            {
              "Name": "Jase's Kitchen",
              "Term": "Jase's Kitchen",
              "ExtraOutputFields": {},
              "Min": null,
              "Max": null,
              "Applied": false,
              "Count": 1,
              "Statement": null,
              "DisplayCoachMarks": false
            },
            {
              "Name": "Julianne's Kitchen",
              "Term": "Julianne's Kitchen",
              "ExtraOutputFields": {},
              "Min": null,
              "Max": null,
              "Applied": false,
              "Count": 1,
              "Statement": null,
              "DisplayCoachMarks": false
            },
            {
              "Name": "Julian's",
              "Term": "Julian's",
              "ExtraOutputFields": {},
              "Min": null,
              "Max": null,
              "Applied": false,
              "Count": 1,
              "Statement": null,
              "DisplayCoachMarks": false
            },
            {
              "Name": "Just 4 You",
              "Term": "Just 4 You",
              "ExtraOutputFields": {},
              "Min": null,
              "Max": null,
              "Applied": false,
              "Count": 1,
              "Statement": null,
              "DisplayCoachMarks": false
            },
            {
              "Name": "Just Veg.",
              "Term": "Just Veg.",
              "ExtraOutputFields": {},
              "Min": null,
              "Max": null,
              "Applied": false,
              "Count": 2,
              "Statement": null,
              "DisplayCoachMarks": false
            }
          ]
        },
        {
          "Alphabet": "K",
          "Filters": [
            {
              "Name": "Kehoe's",
              "Term": "Kehoe's",
              "ExtraOutputFields": {},
              "Min": null,
              "Max": null,
              "Applied": false,
              "Count": 4,
              "Statement": null,
              "DisplayCoachMarks": false
            },
            {
              "Name": "Kenilworth",
              "Term": "Kenilworth",
              "ExtraOutputFields": {},
              "Min": null,
              "Max": null,
              "Applied": false,
              "Count": 1,
              "Statement": null,
              "DisplayCoachMarks": false
            },
            {
              "Name": "King Island",
              "Term": "King Island",
              "ExtraOutputFields": {},
              "Min": null,
              "Max": null,
              "Applied": false,
              "Count": 9,
              "Statement": null,
              "DisplayCoachMarks": false
            },
            {
              "Name": "Kiri",
              "Term": "Kiri",
              "ExtraOutputFields": {},
              "Min": null,
              "Max": null,
              "Applied": false,
              "Count": 2,
              "Statement": null,
              "DisplayCoachMarks": false
            },
            {
              "Name": "Kraft",
              "Term": "Kraft",
              "ExtraOutputFields": {},
              "Min": null,
              "Max": null,
              "Applied": false,
              "Count": 5,
              "Statement": null,
              "DisplayCoachMarks": false
            }
          ]
        },
        {
          "Alphabet": "L",
          "Filters": [
            {
              "Name": "La Casa",
              "Term": "La Casa",
              "ExtraOutputFields": {},
              "Min": null,
              "Max": null,
              "Applied": false,
              "Count": 10,
              "Statement": null,
              "DisplayCoachMarks": false
            },
            {
              "Name": "La Famiglia",
              "Term": "La Famiglia",
              "ExtraOutputFields": {},
              "Min": null,
              "Max": null,
              "Applied": false,
              "Count": 9,
              "Statement": null,
              "DisplayCoachMarks": false
            },
            {
              "Name": "La Stella",
              "Term": "La Stella",
              "ExtraOutputFields": {},
              "Min": null,
              "Max": null,
              "Applied": false,
              "Count": 5,
              "Statement": null,
              "DisplayCoachMarks": false
            },
            {
              "Name": "La Tosca",
              "Term": "La Tosca",
              "ExtraOutputFields": {},
              "Min": null,
              "Max": null,
              "Applied": false,
              "Count": 3,
              "Statement": null,
              "DisplayCoachMarks": false
            },
            {
              "Name": "Latina Fresh",
              "Term": "Latina Fresh",
              "ExtraOutputFields": {},
              "Min": null,
              "Max": null,
              "Applied": false,
              "Count": 26,
              "Statement": null,
              "DisplayCoachMarks": false
            },
            {
              "Name": "Laughing Cow",
              "Term": "Laughing Cow",
              "ExtraOutputFields": {},
              "Min": null,
              "Max": null,
              "Applied": false,
              "Count": 6,
              "Statement": null,
              "DisplayCoachMarks": false
            },
            {
              "Name": "Leggos",
              "Term": "Leggos",
              "ExtraOutputFields": {},
              "Min": null,
              "Max": null,
              "Applied": false,
              "Count": 16,
              "Statement": null,
              "DisplayCoachMarks": false
            },
            {
              "Name": "Lemnos",
              "Term": "Lemnos",
              "ExtraOutputFields": {},
              "Min": null,
              "Max": null,
              "Applied": false,
              "Count": 12,
              "Statement": null,
              "DisplayCoachMarks": false
            },
            {
              "Name": "Lewis Road Creamery",
              "Term": "Lewis Road Creamery",
              "ExtraOutputFields": {},
              "Min": null,
              "Max": null,
              "Applied": false,
              "Count": 2,
              "Statement": null,
              "DisplayCoachMarks": false
            },
            {
              "Name": "Liddells",
              "Term": "Liddells",
              "ExtraOutputFields": {},
              "Min": null,
              "Max": null,
              "Applied": false,
              "Count": 11,
              "Statement": null,
              "DisplayCoachMarks": false
            },
            {
              "Name": "Living Planet",
              "Term": "Living Planet",
              "ExtraOutputFields": {},
              "Min": null,
              "Max": null,
              "Applied": false,
              "Count": 1,
              "Statement": null,
              "DisplayCoachMarks": false
            },
            {
              "Name": "Logicol",
              "Term": "Logicol",
              "ExtraOutputFields": {},
              "Min": null,
              "Max": null,
              "Applied": false,
              "Count": 1,
              "Statement": null,
              "DisplayCoachMarks": false
            },
            {
              "Name": "Lurpak",
              "Term": "Lurpak",
              "ExtraOutputFields": {},
              "Min": null,
              "Max": null,
              "Applied": false,
              "Count": 9,
              "Statement": null,
              "DisplayCoachMarks": false
            }
          ]
        },
        {
          "Alphabet": "M",
          "Filters": [
            {
              "Name": "Macro",
              "Term": "Macro",
              "ExtraOutputFields": {},
              "Min": null,
              "Max": null,
              "Applied": false,
              "Count": 25,
              "Statement": null,
              "DisplayCoachMarks": false
            },
            {
              "Name": "Made With Plants",
              "Term": "Made With Plants",
              "ExtraOutputFields": {},
              "Min": null,
              "Max": null,
              "Applied": false,
              "Count": 18,
              "Statement": null,
              "DisplayCoachMarks": false
            },
            {
              "Name": "Maese Miguel",
              "Term": "Maese Miguel",
              "ExtraOutputFields": {},
              "Min": null,
              "Max": null,
              "Applied": false,
              "Count": 1,
              "Statement": null,
              "DisplayCoachMarks": false
            },
            {
              "Name": "Maggie Beer",
              "Term": "Maggie Beer",
              "ExtraOutputFields": {},
              "Min": null,
              "Max": null,
              "Applied": false,
              "Count": 8,
              "Statement": null,
              "DisplayCoachMarks": false
            },
            {
              "Name": "Mainland",
              "Term": "Mainland",
              "ExtraOutputFields": {},
              "Min": null,
              "Max": null,
              "Applied": false,
              "Count": 28,
              "Statement": null,
              "DisplayCoachMarks": false
            },
            {
              "Name": "Manning Valley",
              "Term": "Manning Valley",
              "ExtraOutputFields": {},
              "Min": null,
              "Max": null,
              "Applied": false,
              "Count": 1,
              "Statement": null,
              "DisplayCoachMarks": false
            },
            {
              "Name": "Margaret River",
              "Term": "Margaret River",
              "ExtraOutputFields": {},
              "Min": null,
              "Max": null,
              "Applied": false,
              "Count": 2,
              "Statement": null,
              "DisplayCoachMarks": false
            },
            {
              "Name": "Marsh's",
              "Term": "Marsh's",
              "ExtraOutputFields": {},
              "Min": null,
              "Max": null,
              "Applied": false,
              "Count": 1,
              "Statement": null,
              "DisplayCoachMarks": false
            },
            {
              "Name": "Mc YEE",
              "Term": "Mc YEE",
              "ExtraOutputFields": {},
              "Min": null,
              "Max": null,
              "Applied": false,
              "Count": 7,
              "Statement": null,
              "DisplayCoachMarks": false
            },
            {
              "Name": "Meadowlea",
              "Term": "Meadowlea",
              "ExtraOutputFields": {},
              "Min": null,
              "Max": null,
              "Applied": false,
              "Count": 5,
              "Statement": null,
              "DisplayCoachMarks": false
            },
            {
              "Name": "Meander Valley",
              "Term": "Meander Valley",
              "ExtraOutputFields": {},
              "Min": null,
              "Max": null,
              "Applied": false,
              "Count": 4,
              "Statement": null,
              "DisplayCoachMarks": false
            },
            {
              "Name": "Mediterranean Delite",
              "Term": "Mediterranean Delite",
              "ExtraOutputFields": {},
              "Min": null,
              "Max": null,
              "Applied": false,
              "Count": 4,
              "Statement": null,
              "DisplayCoachMarks": false
            },
            {
              "Name": "Melbourne Cheese Company",
              "Term": "Melbourne Cheese Company",
              "ExtraOutputFields": {},
              "Min": null,
              "Max": null,
              "Applied": false,
              "Count": 2,
              "Statement": null,
              "DisplayCoachMarks": false
            },
            {
              "Name": "Meredith Dairy",
              "Term": "Meredith Dairy",
              "ExtraOutputFields": {},
              "Min": null,
              "Max": null,
              "Applied": false,
              "Count": 8,
              "Statement": null,
              "DisplayCoachMarks": false
            },
            {
              "Name": "Mersey Valley",
              "Term": "Mersey Valley",
              "ExtraOutputFields": {},
              "Min": null,
              "Max": null,
              "Applied": false,
              "Count": 14,
              "Statement": null,
              "DisplayCoachMarks": false
            },
            {
              "Name": "Mifroma",
              "Term": "Mifroma",
              "ExtraOutputFields": {},
              "Min": null,
              "Max": null,
              "Applied": false,
              "Count": 2,
              "Statement": null,
              "DisplayCoachMarks": false
            },
            {
              "Name": "Mil Lel",
              "Term": "Mil Lel",
              "ExtraOutputFields": {},
              "Min": null,
              "Max": null,
              "Applied": false,
              "Count": 5,
              "Statement": null,
              "DisplayCoachMarks": false
            },
            {
              "Name": "Milo",
              "Term": "Milo",
              "ExtraOutputFields": {},
              "Min": null,
              "Max": null,
              "Applied": false,
              "Count": 1,
              "Statement": null,
              "DisplayCoachMarks": false
            },
            {
              "Name": "Mon Ami",
              "Term": "Mon Ami",
              "ExtraOutputFields": {},
              "Min": null,
              "Max": null,
              "Applied": false,
              "Count": 3,
              "Statement": null,
              "DisplayCoachMarks": false
            },
            {
              "Name": "Moving Mountains",
              "Term": "Moving Mountains",
              "ExtraOutputFields": {},
              "Min": null,
              "Max": null,
              "Applied": false,
              "Count": 2,
              "Statement": null,
              "DisplayCoachMarks": false
            },
            {
              "Name": "Munchables",
              "Term": "Munchables",
              "ExtraOutputFields": {},
              "Min": null,
              "Max": null,
              "Applied": false,
              "Count": 1,
              "Statement": null,
              "DisplayCoachMarks": false
            }
          ]
        },
        {
          "Alphabet": "N",
          "Filters": [
            {
              "Name": "Nakula",
              "Term": "Nakula",
              "ExtraOutputFields": {},
              "Min": null,
              "Max": null,
              "Applied": false,
              "Count": 11,
              "Statement": null,
              "DisplayCoachMarks": false
            },
            {
              "Name": "Naturli",
              "Term": "Naturli",
              "ExtraOutputFields": {},
              "Min": null,
              "Max": null,
              "Applied": false,
              "Count": 1,
              "Statement": null,
              "DisplayCoachMarks": false
            },
            {
              "Name": "Nestle",
              "Term": "Nestle",
              "ExtraOutputFields": {},
              "Min": null,
              "Max": null,
              "Applied": false,
              "Count": 8,
              "Statement": null,
              "DisplayCoachMarks": false
            },
            {
              "Name": "NESTLE",
              "Term": "NESTLE",
              "ExtraOutputFields": {},
              "Min": null,
              "Max": null,
              "Applied": false,
              "Count": 3,
              "Statement": null,
              "DisplayCoachMarks": false
            },
            {
              "Name": "Nestlé Australia",
              "Term": "Nestlé Australia",
              "ExtraOutputFields": {},
              "Min": null,
              "Max": null,
              "Applied": false,
              "Count": 1,
              "Statement": null,
              "DisplayCoachMarks": false
            },
            {
              "Name": "Nevana",
              "Term": "Nevana",
              "ExtraOutputFields": {},
              "Min": null,
              "Max": null,
              "Applied": false,
              "Count": 1,
              "Statement": null,
              "DisplayCoachMarks": false
            },
            {
              "Name": "Next Gen",
              "Term": "Next Gen",
              "ExtraOutputFields": {},
              "Min": null,
              "Max": null,
              "Applied": false,
              "Count": 1,
              "Statement": null,
              "DisplayCoachMarks": false
            },
            {
              "Name": "Norco",
              "Term": "Norco",
              "ExtraOutputFields": {},
              "Min": null,
              "Max": null,
              "Applied": false,
              "Count": 3,
              "Statement": null,
              "DisplayCoachMarks": false
            },
            {
              "Name": "Nutriboost",
              "Term": "Nutriboost",
              "ExtraOutputFields": {},
              "Min": null,
              "Max": null,
              "Applied": false,
              "Count": 3,
              "Statement": null,
              "DisplayCoachMarks": false
            },
            {
              "Name": "Nuttelex",
              "Term": "Nuttelex",
              "ExtraOutputFields": {},
              "Min": null,
              "Max": null,
              "Applied": false,
              "Count": 7,
              "Statement": null,
              "DisplayCoachMarks": false
            },
            {
              "Name": "Nutty Bruce",
              "Term": "Nutty Bruce",
              "ExtraOutputFields": {},
              "Min": null,
              "Max": null,
              "Applied": false,
              "Count": 3,
              "Statement": null,
              "DisplayCoachMarks": false
            }
          ]
        },
        {
          "Alphabet": "O",
          "Filters": [
            {
              "Name": "Oak",
              "Term": "Oak",
              "ExtraOutputFields": {},
              "Min": null,
              "Max": null,
              "Applied": false,
              "Count": 25,
              "Statement": null,
              "DisplayCoachMarks": false
            },
            {
              "Name": "Oatly",
              "Term": "Oatly",
              "ExtraOutputFields": {},
              "Min": null,
              "Max": null,
              "Applied": false,
              "Count": 4,
              "Statement": null,
              "DisplayCoachMarks": false
            },
            {
              "Name": "Obela",
              "Term": "Obela",
              "ExtraOutputFields": {},
              "Min": null,
              "Max": null,
              "Applied": false,
              "Count": 27,
              "Statement": null,
              "DisplayCoachMarks": false
            },
            {
              "Name": "Olive Grove",
              "Term": "Olive Grove",
              "ExtraOutputFields": {},
              "Min": null,
              "Max": null,
              "Applied": false,
              "Count": 2,
              "Statement": null,
              "DisplayCoachMarks": false
            }
          ]
        },
        {
          "Alphabet": "P",
          "Filters": [
            {
              "Name": "Pantalica",
              "Term": "Pantalica",
              "ExtraOutputFields": {},
              "Min": null,
              "Max": null,
              "Applied": false,
              "Count": 2,
              "Statement": null,
              "DisplayCoachMarks": false
            },
            {
              "Name": "Paris Creek Farms",
              "Term": "Paris Creek Farms",
              "ExtraOutputFields": {},
              "Min": null,
              "Max": null,
              "Applied": false,
              "Count": 2,
              "Statement": null,
              "DisplayCoachMarks": false
            },
            {
              "Name": "Pasta Master",
              "Term": "Pasta Master",
              "ExtraOutputFields": {},
              "Min": null,
              "Max": null,
              "Applied": false,
              "Count": 3,
              "Statement": null,
              "DisplayCoachMarks": false
            },
            {
              "Name": "Pauls",
              "Term": "Pauls",
              "ExtraOutputFields": {},
              "Min": null,
              "Max": null,
              "Applied": false,
              "Count": 47,
              "Statement": null,
              "DisplayCoachMarks": false
            },
            {
              "Name": "Perfect Italiano",
              "Term": "Perfect Italiano",
              "ExtraOutputFields": {},
              "Min": null,
              "Max": null,
              "Applied": false,
              "Count": 17,
              "Statement": null,
              "DisplayCoachMarks": false
            },
            {
              "Name": "Petite Cuisine",
              "Term": "Petite Cuisine",
              "ExtraOutputFields": {},
              "Min": null,
              "Max": null,
              "Applied": false,
              "Count": 4,
              "Statement": null,
              "DisplayCoachMarks": false
            },
            {
              "Name": "Philadelphia",
              "Term": "Philadelphia",
              "ExtraOutputFields": {},
              "Min": null,
              "Max": null,
              "Applied": false,
              "Count": 15,
              "Statement": null,
              "DisplayCoachMarks": false
            },
            {
              "Name": "Picante",
              "Term": "Picante",
              "ExtraOutputFields": {},
              "Min": null,
              "Max": null,
              "Applied": false,
              "Count": 4,
              "Statement": null,
              "DisplayCoachMarks": false
            },
            {
              "Name": "Picasso",
              "Term": "Picasso",
              "ExtraOutputFields": {},
              "Min": null,
              "Max": null,
              "Applied": false,
              "Count": 3,
              "Statement": null,
              "DisplayCoachMarks": false
            },
            {
              "Name": "Picasso Kitchen",
              "Term": "Picasso Kitchen",
              "ExtraOutputFields": {},
              "Min": null,
              "Max": null,
              "Applied": false,
              "Count": 5,
              "Statement": null,
              "DisplayCoachMarks": false
            },
            {
              "Name": "Picon",
              "Term": "Picon",
              "ExtraOutputFields": {},
              "Min": null,
              "Max": null,
              "Applied": false,
              "Count": 1,
              "Statement": null,
              "DisplayCoachMarks": false
            },
            {
              "Name": "Pilpel",
              "Term": "Pilpel",
              "ExtraOutputFields": {},
              "Min": null,
              "Max": null,
              "Applied": false,
              "Count": 4,
              "Statement": null,
              "DisplayCoachMarks": false
            },
            {
              "Name": "Pitango",
              "Term": "Pitango",
              "ExtraOutputFields": {},
              "Min": null,
              "Max": null,
              "Applied": false,
              "Count": 4,
              "Statement": null,
              "DisplayCoachMarks": false
            },
            {
              "Name": "Plant Asia",
              "Term": "Plant Asia",
              "ExtraOutputFields": {},
              "Min": null,
              "Max": null,
              "Applied": false,
              "Count": 3,
              "Statement": null,
              "DisplayCoachMarks": false
            },
            {
              "Name": "Plantein",
              "Term": "Plantein",
              "ExtraOutputFields": {},
              "Min": null,
              "Max": null,
              "Applied": false,
              "Count": 3,
              "Statement": null,
              "DisplayCoachMarks": false
            },
            {
              "Name": "Plantitude",
              "Term": "Plantitude",
              "ExtraOutputFields": {},
              "Min": null,
              "Max": null,
              "Applied": false,
              "Count": 3,
              "Statement": null,
              "DisplayCoachMarks": false
            },
            {
              "Name": "President",
              "Term": "President",
              "ExtraOutputFields": {},
              "Min": null,
              "Max": null,
              "Applied": false,
              "Count": 6,
              "Statement": null,
              "DisplayCoachMarks": false
            },
            {
              "Name": "Primo",
              "Term": "Primo",
              "ExtraOutputFields": {},
              "Min": null,
              "Max": null,
              "Applied": false,
              "Count": 11,
              "Statement": null,
              "DisplayCoachMarks": false
            },
            {
              "Name": "Pro Live",
              "Term": "Pro Live",
              "ExtraOutputFields": {},
              "Min": null,
              "Max": null,
              "Applied": false,
              "Count": 1,
              "Statement": null,
              "DisplayCoachMarks": false
            },
            {
              "Name": "Pura",
              "Term": "Pura",
              "ExtraOutputFields": {},
              "Min": null,
              "Max": null,
              "Applied": false,
              "Count": 2,
              "Statement": null,
              "DisplayCoachMarks": false
            },
            {
              "Name": "Puregg",
              "Term": "Puregg",
              "ExtraOutputFields": {},
              "Min": null,
              "Max": null,
              "Applied": false,
              "Count": 1,
              "Statement": null,
              "DisplayCoachMarks": false
            },
            {
              "Name": "Pureharvest",
              "Term": "Pureharvest",
              "ExtraOutputFields": {},
              "Min": null,
              "Max": null,
              "Applied": false,
              "Count": 7,
              "Statement": null,
              "DisplayCoachMarks": false
            }
          ]
        },
        {
          "Alphabet": "Q",
          "Filters": []
        },
        {
          "Alphabet": "R",
          "Filters": [
            {
              "Name": "Rafferty's Garden",
              "Term": "Rafferty's Garden",
              "ExtraOutputFields": {},
              "Min": null,
              "Max": null,
              "Applied": false,
              "Count": 3,
              "Statement": null,
              "DisplayCoachMarks": false
            },
            {
              "Name": "Raguletto",
              "Term": "Raguletto",
              "ExtraOutputFields": {},
              "Min": null,
              "Max": null,
              "Applied": false,
              "Count": 2,
              "Statement": null,
              "DisplayCoachMarks": false
            },
            {
              "Name": "Rana",
              "Term": "Rana",
              "ExtraOutputFields": {},
              "Min": null,
              "Max": null,
              "Applied": false,
              "Count": 11,
              "Statement": null,
              "DisplayCoachMarks": false
            },
            {
              "Name": "Red Rock Deli",
              "Term": "Red Rock Deli",
              "ExtraOutputFields": {},
              "Min": null,
              "Max": null,
              "Applied": false,
              "Count": 8,
              "Statement": null,
              "DisplayCoachMarks": false
            },
            {
              "Name": "Ritz",
              "Term": "Ritz",
              "ExtraOutputFields": {},
              "Min": null,
              "Max": null,
              "Applied": false,
              "Count": 4,
              "Statement": null,
              "DisplayCoachMarks": false
            },
            {
              "Name": "Riverina",
              "Term": "Riverina",
              "ExtraOutputFields": {},
              "Min": null,
              "Max": null,
              "Applied": false,
              "Count": 4,
              "Statement": null,
              "DisplayCoachMarks": false
            },
            {
              "Name": "Roar",
              "Term": "Roar",
              "ExtraOutputFields": {},
              "Min": null,
              "Max": null,
              "Applied": false,
              "Count": 4,
              "Statement": null,
              "DisplayCoachMarks": false
            },
            {
              "Name": "Rokeby Farms",
              "Term": "Rokeby Farms",
              "ExtraOutputFields": {},
              "Min": null,
              "Max": null,
              "Applied": false,
              "Count": 7,
              "Statement": null,
              "DisplayCoachMarks": false
            }
          ]
        },
        {
          "Alphabet": "S",
          "Filters": [
            {
              "Name": "Sa Gourmet Food Co",
              "Term": "Sa Gourmet Food Co",
              "ExtraOutputFields": {},
              "Min": null,
              "Max": null,
              "Applied": false,
              "Count": 3,
              "Statement": null,
              "DisplayCoachMarks": false
            },
            {
              "Name": "Saint Agur",
              "Term": "Saint Agur",
              "ExtraOutputFields": {},
              "Min": null,
              "Max": null,
              "Applied": false,
              "Count": 1,
              "Statement": null,
              "DisplayCoachMarks": false
            },
            {
              "Name": "Sanitarium",
              "Term": "Sanitarium",
              "ExtraOutputFields": {},
              "Min": null,
              "Max": null,
              "Applied": false,
              "Count": 19,
              "Statement": null,
              "DisplayCoachMarks": false
            },
            {
              "Name": "Senza",
              "Term": "Senza",
              "ExtraOutputFields": {},
              "Min": null,
              "Max": null,
              "Applied": false,
              "Count": 2,
              "Statement": null,
              "DisplayCoachMarks": false
            },
            {
              "Name": "Shaw River",
              "Term": "Shaw River",
              "ExtraOutputFields": {},
              "Min": null,
              "Max": null,
              "Applied": false,
              "Count": 1,
              "Statement": null,
              "DisplayCoachMarks": false
            },
            {
              "Name": "Sheese",
              "Term": "Sheese",
              "ExtraOutputFields": {},
              "Min": null,
              "Max": null,
              "Applied": false,
              "Count": 3,
              "Statement": null,
              "DisplayCoachMarks": false
            },
            {
              "Name": "Siggi's",
              "Term": "Siggi's",
              "ExtraOutputFields": {},
              "Min": null,
              "Max": null,
              "Applied": false,
              "Count": 15,
              "Statement": null,
              "DisplayCoachMarks": false
            },
            {
              "Name": "Simmone Logue",
              "Term": "Simmone Logue",
              "ExtraOutputFields": {},
              "Min": null,
              "Max": null,
              "Applied": false,
              "Count": 12,
              "Statement": null,
              "DisplayCoachMarks": false
            },
            {
              "Name": "Singletons",
              "Term": "Singletons",
              "ExtraOutputFields": {},
              "Min": null,
              "Max": null,
              "Applied": false,
              "Count": 1,
              "Statement": null,
              "DisplayCoachMarks": false
            },
            {
              "Name": "Snowdonia",
              "Term": "Snowdonia",
              "ExtraOutputFields": {},
              "Min": null,
              "Max": null,
              "Applied": false,
              "Count": 3,
              "Statement": null,
              "DisplayCoachMarks": false
            },
            {
              "Name": "So Delicious",
              "Term": "So Delicious",
              "ExtraOutputFields": {},
              "Min": null,
              "Max": null,
              "Applied": false,
              "Count": 7,
              "Statement": null,
              "DisplayCoachMarks": false
            },
            {
              "Name": "Somerdale",
              "Term": "Somerdale",
              "ExtraOutputFields": {},
              "Min": null,
              "Max": null,
              "Applied": false,
              "Count": 1,
              "Statement": null,
              "DisplayCoachMarks": false
            },
            {
              "Name": "South Cape",
              "Term": "South Cape",
              "ExtraOutputFields": {},
              "Min": null,
              "Max": null,
              "Applied": false,
              "Count": 27,
              "Statement": null,
              "DisplayCoachMarks": false
            },
            {
              "Name": "SSS Foods",
              "Term": "SSS Foods",
              "ExtraOutputFields": {},
              "Min": null,
              "Max": null,
              "Applied": false,
              "Count": 2,
              "Statement": null,
              "DisplayCoachMarks": false
            },
            {
              "Name": "Steggles",
              "Term": "Steggles",
              "ExtraOutputFields": {},
              "Min": null,
              "Max": null,
              "Applied": false,
              "Count": 1,
              "Statement": null,
              "DisplayCoachMarks": false
            },
            {
              "Name": "Strength Meals Co",
              "Term": "Strength Meals Co",
              "ExtraOutputFields": {},
              "Min": null,
              "Max": null,
              "Applied": false,
              "Count": 5,
              "Statement": null,
              "DisplayCoachMarks": false
            },
            {
              "Name": "Sugo Tu",
              "Term": "Sugo Tu",
              "ExtraOutputFields": {},
              "Min": null,
              "Max": null,
              "Applied": false,
              "Count": 2,
              "Statement": null,
              "DisplayCoachMarks": false
            },
            {
              "Name": "Sunny Queen",
              "Term": "Sunny Queen",
              "ExtraOutputFields": {},
              "Min": null,
              "Max": null,
              "Applied": false,
              "Count": 3,
              "Statement": null,
              "DisplayCoachMarks": false
            },
            {
              "Name": "Suntory",
              "Term": "Suntory",
              "ExtraOutputFields": {},
              "Min": null,
              "Max": null,
              "Applied": false,
              "Count": 3,
              "Statement": null,
              "DisplayCoachMarks": false
            },
            {
              "Name": "Supafry",
              "Term": "Supafry",
              "ExtraOutputFields": {},
              "Min": null,
              "Max": null,
              "Applied": false,
              "Count": 1,
              "Statement": null,
              "DisplayCoachMarks": false
            },
            {
              "Name": "Supreme Foods",
              "Term": "Supreme Foods",
              "ExtraOutputFields": {},
              "Min": null,
              "Max": null,
              "Applied": false,
              "Count": 1,
              "Statement": null,
              "DisplayCoachMarks": false
            },
            {
              "Name": "Swiss",
              "Term": "Swiss",
              "ExtraOutputFields": {},
              "Min": null,
              "Max": null,
              "Applied": false,
              "Count": 1,
              "Statement": null,
              "DisplayCoachMarks": false
            },
            {
              "Name": "Syndian",
              "Term": "Syndian",
              "ExtraOutputFields": {},
              "Min": null,
              "Max": null,
              "Applied": false,
              "Count": 2,
              "Statement": null,
              "DisplayCoachMarks": false
            }
          ]
        },
        {
          "Alphabet": "T",
          "Filters": [
            {
              "Name": "Tablelands",
              "Term": "Tablelands",
              "ExtraOutputFields": {},
              "Min": null,
              "Max": null,
              "Applied": false,
              "Count": 3,
              "Statement": null,
              "DisplayCoachMarks": false
            },
            {
              "Name": "Tamar Valley",
              "Term": "Tamar Valley",
              "ExtraOutputFields": {},
              "Min": null,
              "Max": null,
              "Applied": false,
              "Count": 11,
              "Statement": null,
              "DisplayCoachMarks": false
            },
            {
              "Name": "Tasmanian Heritage",
              "Term": "Tasmanian Heritage",
              "ExtraOutputFields": {},
              "Min": null,
              "Max": null,
              "Applied": false,
              "Count": 10,
              "Statement": null,
              "DisplayCoachMarks": false
            },
            {
              "Name": "Tasmanian Pate",
              "Term": "Tasmanian Pate",
              "ExtraOutputFields": {},
              "Min": null,
              "Max": null,
              "Applied": false,
              "Count": 1,
              "Statement": null,
              "DisplayCoachMarks": false
            },
            {
              "Name": "Tempo",
              "Term": "Tempo",
              "ExtraOutputFields": {},
              "Min": null,
              "Max": null,
              "Applied": false,
              "Count": 7,
              "Statement": null,
              "DisplayCoachMarks": false
            },
            {
              "Name": "The Coach House Dairy",
              "Term": "The Coach House Dairy",
              "ExtraOutputFields": {},
              "Min": null,
              "Max": null,
              "Applied": false,
              "Count": 2,
              "Statement": null,
              "DisplayCoachMarks": false
            },
            {
              "Name": "The Collective",
              "Term": "The Collective",
              "ExtraOutputFields": {},
              "Min": null,
              "Max": null,
              "Applied": false,
              "Count": 14,
              "Statement": null,
              "DisplayCoachMarks": false
            },
            {
              "Name": "The Complete Dairy",
              "Term": "The Complete Dairy",
              "ExtraOutputFields": {},
              "Min": null,
              "Max": null,
              "Applied": false,
              "Count": 2,
              "Statement": null,
              "DisplayCoachMarks": false
            },
            {
              "Name": "The Culture Co.",
              "Term": "The Culture Co.",
              "ExtraOutputFields": {},
              "Min": null,
              "Max": null,
              "Applied": false,
              "Count": 6,
              "Statement": null,
              "DisplayCoachMarks": false
            },
            {
              "Name": "The Goods",
              "Term": "The Goods",
              "ExtraOutputFields": {},
              "Min": null,
              "Max": null,
              "Applied": false,
              "Count": 4,
              "Statement": null,
              "DisplayCoachMarks": false
            },
            {
              "Name": "The Salad Servers",
              "Term": "The Salad Servers",
              "ExtraOutputFields": {},
              "Min": null,
              "Max": null,
              "Applied": false,
              "Count": 7,
              "Statement": null,
              "DisplayCoachMarks": false
            },
            {
              "Name": "The Smokeman Brothers",
              "Term": "The Smokeman Brothers",
              "ExtraOutputFields": {},
              "Min": null,
              "Max": null,
              "Applied": false,
              "Count": 4,
              "Statement": null,
              "DisplayCoachMarks": false
            },
            {
              "Name": "The Vegan Factor",
              "Term": "The Vegan Factor",
              "ExtraOutputFields": {},
              "Min": null,
              "Max": null,
              "Applied": false,
              "Count": 4,
              "Statement": null,
              "DisplayCoachMarks": false
            },
            {
              "Name": "Thomas Dux",
              "Term": "Thomas Dux",
              "ExtraOutputFields": {},
              "Min": null,
              "Max": null,
              "Applied": false,
              "Count": 14,
              "Statement": null,
              "DisplayCoachMarks": false
            },
            {
              "Name": "Tofurky",
              "Term": "Tofurky",
              "ExtraOutputFields": {},
              "Min": null,
              "Max": null,
              "Applied": false,
              "Count": 3,
              "Statement": null,
              "DisplayCoachMarks": false
            },
            {
              "Name": "Tru Blu",
              "Term": "Tru Blu",
              "ExtraOutputFields": {},
              "Min": null,
              "Max": null,
              "Applied": false,
              "Count": 1,
              "Statement": null,
              "DisplayCoachMarks": false
            },
            {
              "Name": "Two Good",
              "Term": "Two Good",
              "ExtraOutputFields": {},
              "Min": null,
              "Max": null,
              "Applied": false,
              "Count": 4,
              "Statement": null,
              "DisplayCoachMarks": false
            },
            {
              "Name": "Two Spoons",
              "Term": "Two Spoons",
              "ExtraOutputFields": {},
              "Min": null,
              "Max": null,
              "Applied": false,
              "Count": 1,
              "Statement": null,
              "DisplayCoachMarks": false
            }
          ]
        },
        {
          "Alphabet": "U",
          "Filters": [
            {
              "Name": "Udder Delights",
              "Term": "Udder Delights",
              "ExtraOutputFields": {},
              "Min": null,
              "Max": null,
              "Applied": false,
              "Count": 1,
              "Statement": null,
              "DisplayCoachMarks": false
            },
            {
              "Name": "Uncle Tobys",
              "Term": "Uncle Tobys",
              "ExtraOutputFields": {},
              "Min": null,
              "Max": null,
              "Applied": false,
              "Count": 5,
              "Statement": null,
              "DisplayCoachMarks": false
            },
            {
              "Name": "Unicorn",
              "Term": "Unicorn",
              "ExtraOutputFields": {},
              "Min": null,
              "Max": null,
              "Applied": false,
              "Count": 8,
              "Statement": null,
              "DisplayCoachMarks": false
            },
            {
              "Name": "Unreal Co.",
              "Term": "Unreal Co.",
              "ExtraOutputFields": {},
              "Min": null,
              "Max": null,
              "Applied": false,
              "Count": 3,
              "Statement": null,
              "DisplayCoachMarks": false
            },
            {
              "Name": "Uptons Naturals",
              "Term": "Uptons Naturals",
              "ExtraOutputFields": {},
              "Min": null,
              "Max": null,
              "Applied": false,
              "Count": 1,
              "Statement": null,
              "DisplayCoachMarks": false
            }
          ]
        },
        {
          "Alphabet": "V",
          "Filters": [
            {
              "Name": "V2",
              "Term": "V2",
              "ExtraOutputFields": {},
              "Min": null,
              "Max": null,
              "Applied": false,
              "Count": 2,
              "Statement": null,
              "DisplayCoachMarks": false
            },
            {
              "Name": "Vaalia",
              "Term": "Vaalia",
              "ExtraOutputFields": {},
              "Min": null,
              "Max": null,
              "Applied": false,
              "Count": 20,
              "Statement": null,
              "DisplayCoachMarks": false
            },
            {
              "Name": "Vega",
              "Term": "Vega",
              "ExtraOutputFields": {},
              "Min": null,
              "Max": null,
              "Applied": false,
              "Count": 1,
              "Statement": null,
              "DisplayCoachMarks": false
            },
            {
              "Name": "Vegie Delights",
              "Term": "Vegie Delights",
              "ExtraOutputFields": {},
              "Min": null,
              "Max": null,
              "Applied": false,
              "Count": 3,
              "Statement": null,
              "DisplayCoachMarks": false
            },
            {
              "Name": "Vitasoy",
              "Term": "Vitasoy",
              "ExtraOutputFields": {},
              "Min": null,
              "Max": null,
              "Applied": false,
              "Count": 19,
              "Statement": null,
              "DisplayCoachMarks": false
            }
          ]
        },
        {
          "Alphabet": "W",
          "Filters": [
            {
              "Name": "Weight Watchers",
              "Term": "Weight Watchers",
              "ExtraOutputFields": {},
              "Min": null,
              "Max": null,
              "Applied": false,
              "Count": 4,
              "Statement": null,
              "DisplayCoachMarks": false
            },
            {
              "Name": "Western Star",
              "Term": "Western Star",
              "ExtraOutputFields": {},
              "Min": null,
              "Max": null,
              "Applied": false,
              "Count": 9,
              "Statement": null,
              "DisplayCoachMarks": false
            },
            {
              "Name": "Westgold",
              "Term": "Westgold",
              "ExtraOutputFields": {},
              "Min": null,
              "Max": null,
              "Applied": false,
              "Count": 4,
              "Statement": null,
              "DisplayCoachMarks": false
            },
            {
              "Name": "Wicked Sister",
              "Term": "Wicked Sister",
              "ExtraOutputFields": {},
              "Min": null,
              "Max": null,
              "Applied": false,
              "Count": 6,
              "Statement": null,
              "DisplayCoachMarks": false
            },
            {
              "Name": "Wildly Good",
              "Term": "Wildly Good",
              "ExtraOutputFields": {},
              "Min": null,
              "Max": null,
              "Applied": false,
              "Count": 4,
              "Statement": null,
              "DisplayCoachMarks": false
            },
            {
              "Name": "Willow Farm",
              "Term": "Willow Farm",
              "ExtraOutputFields": {},
              "Min": null,
              "Max": null,
              "Applied": false,
              "Count": 3,
              "Statement": null,
              "DisplayCoachMarks": false
            },
            {
              "Name": "Wise Bunny",
              "Term": "Wise Bunny",
              "ExtraOutputFields": {},
              "Min": null,
              "Max": null,
              "Applied": false,
              "Count": 2,
              "Statement": null,
              "DisplayCoachMarks": false
            },
            {
              "Name": "Woolworths",
              "Term": "Woolworths",
              "ExtraOutputFields": {},
              "Min": null,
              "Max": null,
              "Applied": false,
              "Count": 272,
              "Statement": null,
              "DisplayCoachMarks": false
            }
          ]
        },
        {
          "Alphabet": "X",
          "Filters": []
        },
        {
          "Alphabet": "Y",
          "Filters": [
            {
              "Name": "Yakult",
              "Term": "Yakult",
              "ExtraOutputFields": {},
              "Min": null,
              "Max": null,
              "Applied": false,
              "Count": 3,
              "Statement": null,
              "DisplayCoachMarks": false
            },
            {
              "Name": "Yarra Valley",
              "Term": "Yarra Valley",
              "ExtraOutputFields": {},
              "Min": null,
              "Max": null,
              "Applied": false,
              "Count": 3,
              "Statement": null,
              "DisplayCoachMarks": false
            },
            {
              "Name": "Yogo",
              "Term": "Yogo",
              "ExtraOutputFields": {},
              "Min": null,
              "Max": null,
              "Applied": false,
              "Count": 4,
              "Statement": null,
              "DisplayCoachMarks": false
            },
            {
              "Name": "Yoplait",
              "Term": "Yoplait",
              "ExtraOutputFields": {},
              "Min": null,
              "Max": null,
              "Applied": false,
              "Count": 24,
              "Statement": null,
              "DisplayCoachMarks": false
            },
            {
              "Name": "York Foods",
              "Term": "York Foods",
              "ExtraOutputFields": {},
              "Min": null,
              "Max": null,
              "Applied": false,
              "Count": 1,
              "Statement": null,
              "DisplayCoachMarks": false
            },
            {
              "Name": "Yorkshire",
              "Term": "Yorkshire",
              "ExtraOutputFields": {},
              "Min": null,
              "Max": null,
              "Applied": false,
              "Count": 1,
              "Statement": null,
              "DisplayCoachMarks": false
            },
            {
              "Name": "Yumi's",
              "Term": "Yumi's",
              "ExtraOutputFields": {},
              "Min": null,
              "Max": null,
              "Applied": false,
              "Count": 41,
              "Statement": null,
              "DisplayCoachMarks": false
            }
          ]
        },
        {
          "Alphabet": "Z",
          "Filters": [
            {
              "Name": "Zanetti",
              "Term": "Zanetti",
              "ExtraOutputFields": {},
              "Min": null,
              "Max": null,
              "Applied": false,
              "Count": 5,
              "Statement": null,
              "DisplayCoachMarks": false
            }
          ]
        }
      ],
      "State": "Closed",
      "Rank": 1,
      "AdditionalResults": false,
      "DesignType": "Default",
      "ShowFilter": true,
      "Statement": null,
      "DisplayCoachMarks": false
    },
    {
      "Name": "Allergens",
      "DisplayName": "Allergens",
      "Type": "Multi",
      "FilterType": "Term",
      "FilterDataType": "String",
      "Results": null,
      "ResultsGrouped": [
        {
          "Alphabet": "0-9",
          "Filters": []
        },
        {
          "Alphabet": "A",
          "Filters": []
        },
        {
          "Alphabet": "B",
          "Filters": []
        },
        {
          "Alphabet": "C",
          "Filters": [
            {
              "Name": "Crustacea Free",
              "Term": "Crustacea Free",
              "ExtraOutputFields": {},
              "Min": null,
              "Max": null,
              "Applied": false,
              "Count": 1,
              "Statement": null,
              "DisplayCoachMarks": false
            }
          ]
        },
        {
          "Alphabet": "D",
          "Filters": [
            {
              "Name": "Dairy Free",
              "Term": "Dairy Free",
              "ExtraOutputFields": {},
              "Min": null,
              "Max": null,
              "Applied": false,
              "Count": 296,
              "Statement": null,
              "DisplayCoachMarks": false
            }
          ]
        },
        {
          "Alphabet": "E",
          "Filters": [
            {
              "Name": "Egg Free",
              "Term": "Egg Free",
              "ExtraOutputFields": {},
              "Min": null,
              "Max": null,
              "Applied": false,
              "Count": 1199,
              "Statement": null,
              "DisplayCoachMarks": false
            }
          ]
        },
        {
          "Alphabet": "F",
          "Filters": [
            {
              "Name": "Fish Free",
              "Term": "Fish Free",
              "ExtraOutputFields": {},
              "Min": null,
              "Max": null,
              "Applied": false,
              "Count": 1352,
              "Statement": null,
              "DisplayCoachMarks": false
            }
          ]
        },
        {
          "Alphabet": "G",
          "Filters": [
            {
              "Name": "Gluten Free",
              "Term": "Gluten Free",
              "ExtraOutputFields": {},
              "Min": null,
              "Max": null,
              "Applied": false,
              "Count": 1155,
              "Statement": null,
              "DisplayCoachMarks": false
            }
          ]
        },
        {
          "Alphabet": "H",
          "Filters": []
        },
        {
          "Alphabet": "I",
          "Filters": []
        },
        {
          "Alphabet": "J",
          "Filters": []
        },
        {
          "Alphabet": "K",
          "Filters": []
        },
        {
          "Alphabet": "L",
          "Filters": [
            {
              "Name": "Lactose Free",
              "Term": "Lactose Free",
              "ExtraOutputFields": {},
              "Min": null,
              "Max": null,
              "Applied": false,
              "Count": 332,
              "Statement": null,
              "DisplayCoachMarks": false
            },
            {
              "Name": "Lupin Free",
              "Term": "Lupin Free",
              "ExtraOutputFields": {},
              "Min": null,
              "Max": null,
              "Applied": false,
              "Count": 1460,
              "Statement": null,
              "DisplayCoachMarks": false
            }
          ]
        },
        {
          "Alphabet": "M",
          "Filters": []
        },
        {
          "Alphabet": "N",
          "Filters": [
            {
              "Name": "No Artificial Colours & Flavours",
              "Term": "No Artificial Colours & Flavours",
              "ExtraOutputFields": {},
              "Min": null,
              "Max": null,
              "Applied": false,
              "Count": 1,
              "Statement": null,
              "DisplayCoachMarks": false
            },
            {
              "Name": "No Artificial Colours or Flavours",
              "Term": "No Artificial Colours or Flavours",
              "ExtraOutputFields": {},
              "Min": null,
              "Max": null,
              "Applied": false,
              "Count": 701,
              "Statement": null,
              "DisplayCoachMarks": false
            },
            {
              "Name": "No Artificial Preservatives",
              "Term": "No Artificial Preservatives",
              "ExtraOutputFields": {},
              "Min": null,
              "Max": null,
              "Applied": false,
              "Count": 531,
              "Statement": null,
              "DisplayCoachMarks": false
            },
            {
              "Name": "No Peanuts",
              "Term": "No Peanuts",
              "ExtraOutputFields": {},
              "Min": null,
              "Max": null,
              "Applied": false,
              "Count": 8,
              "Statement": null,
              "DisplayCoachMarks": false
            },
            {
              "Name": "No Tree Nuts",
              "Term": "No Tree Nuts",
              "ExtraOutputFields": {},
              "Min": null,
              "Max": null,
              "Applied": false,
              "Count": 6,
              "Statement": null,
              "DisplayCoachMarks": false
            }
          ]
        },
        {
          "Alphabet": "O",
          "Filters": []
        },
        {
          "Alphabet": "P",
          "Filters": []
        },
        {
          "Alphabet": "Q",
          "Filters": []
        },
        {
          "Alphabet": "R",
          "Filters": []
        },
        {
          "Alphabet": "S",
          "Filters": [
            {
              "Name": "Sesame Free",
              "Term": "Sesame Free",
              "ExtraOutputFields": {},
              "Min": null,
              "Max": null,
              "Applied": false,
              "Count": 1,
              "Statement": null,
              "DisplayCoachMarks": false
            },
            {
              "Name": "Soy Free",
              "Term": "Soy Free",
              "ExtraOutputFields": {},
              "Min": null,
              "Max": null,
              "Applied": false,
              "Count": 1112,
              "Statement": null,
              "DisplayCoachMarks": false
            },
            {
              "Name": "Sulphite Free",
              "Term": "Sulphite Free",
              "ExtraOutputFields": {},
              "Min": null,
              "Max": null,
              "Applied": false,
              "Count": 1,
              "Statement": null,
              "DisplayCoachMarks": false
            }
          ]
        },
        {
          "Alphabet": "T",
          "Filters": []
        },
        {
          "Alphabet": "U",
          "Filters": []
        },
        {
          "Alphabet": "V",
          "Filters": []
        },
        {
          "Alphabet": "W",
          "Filters": [
            {
              "Name": "Wheat Free",
              "Term": "Wheat Free",
              "ExtraOutputFields": {},
              "Min": null,
              "Max": null,
              "Applied": false,
              "Count": 1242,
              "Statement": null,
              "DisplayCoachMarks": false
            }
          ]
        },
        {
          "Alphabet": "X",
          "Filters": []
        },
        {
          "Alphabet": "Y",
          "Filters": []
        },
        {
          "Alphabet": "Z",
          "Filters": []
        }
      ],
      "State": "Closed",
      "Rank": 1,
      "AdditionalResults": false,
      "DesignType": "Default",
      "ShowFilter": true,
      "Statement": "Please always check the product label or enquire with the manufacturer before consuming. In Partnership with Spoon Guru. <a href=\" https://www.woolworths.com.au/shop/discover/healthy-eating/allergies-and-intolerances/filters\" target=\"_blank\">Find out more about our filters </a></span>",
      "DisplayCoachMarks": false
    },
    {
      "Name": "Lifestyle",
      "DisplayName": "Dietary and Lifestyle",
      "Type": "Multi",
      "FilterType": "Term",
      "FilterDataType": "String",
      "Results": null,
      "ResultsGrouped": [
        {
          "Alphabet": "0-9",
          "Filters": []
        },
        {
          "Alphabet": "A",
          "Filters": []
        },
        {
          "Alphabet": "B",
          "Filters": []
        },
        {
          "Alphabet": "C",
          "Filters": []
        },
        {
          "Alphabet": "D",
          "Filters": []
        },
        {
          "Alphabet": "E",
          "Filters": []
        },
        {
          "Alphabet": "F",
          "Filters": [
            {
              "Name": "Free Range",
              "Term": "Free Range",
              "ExtraOutputFields": {},
              "Min": null,
              "Max": null,
              "Applied": false,
              "Count": 11,
              "Statement": null,
              "DisplayCoachMarks": false
            }
          ]
        },
        {
          "Alphabet": "G",
          "Filters": [
            {
              "Name": "Gluten Free",
              "Term": "Gluten Free",
              "ExtraOutputFields": {},
              "Min": null,
              "Max": null,
              "Applied": false,
              "Count": 1155,
              "Statement": null,
              "DisplayCoachMarks": false
            }
          ]
        },
        {
          "Alphabet": "H",
          "Filters": [
            {
              "Name": "Halal",
              "Term": "Halal",
              "ExtraOutputFields": {},
              "Min": null,
              "Max": null,
              "Applied": false,
              "Count": 131,
              "Statement": null,
              "DisplayCoachMarks": false
            },
            {
              "Name": "High Fibre",
              "Term": "High Fibre",
              "ExtraOutputFields": {},
              "Min": null,
              "Max": null,
              "Applied": false,
              "Count": 136,
              "Statement": null,
              "DisplayCoachMarks": false
            },
            {
              "Name": "High Protein",
              "Term": "High Protein",
              "ExtraOutputFields": {},
              "Min": null,
              "Max": null,
              "Applied": false,
              "Count": 347,
              "Statement": null,
              "DisplayCoachMarks": false
            }
          ]
        },
        {
          "Alphabet": "I",
          "Filters": []
        },
        {
          "Alphabet": "J",
          "Filters": []
        },
        {
          "Alphabet": "K",
          "Filters": [
            {
              "Name": "Kosher",
              "Term": "Kosher",
              "ExtraOutputFields": {},
              "Min": null,
              "Max": null,
              "Applied": false,
              "Count": 99,
              "Statement": null,
              "DisplayCoachMarks": false
            }
          ]
        },
        {
          "Alphabet": "L",
          "Filters": [
            {
              "Name": "Low Fat",
              "Term": "Low Fat",
              "ExtraOutputFields": {},
              "Min": null,
              "Max": null,
              "Applied": false,
              "Count": 316,
              "Statement": null,
              "DisplayCoachMarks": false
            },
            {
              "Name": "Low Salt",
              "Term": "Low Salt",
              "ExtraOutputFields": {},
              "Min": null,
              "Max": null,
              "Applied": false,
              "Count": 585,
              "Statement": null,
              "DisplayCoachMarks": false
            },
            {
              "Name": "Low Saturated Fat",
              "Term": "Low Saturated Fat",
              "ExtraOutputFields": {},
              "Min": null,
              "Max": null,
              "Applied": false,
              "Count": 192,
              "Statement": null,
              "DisplayCoachMarks": false
            },
            {
              "Name": "Low Sugar",
              "Term": "Low Sugar",
              "ExtraOutputFields": {},
              "Min": null,
              "Max": null,
              "Applied": false,
              "Count": 978,
              "Statement": null,
              "DisplayCoachMarks": false
            }
          ]
        },
        {
          "Alphabet": "M",
          "Filters": []
        },
        {
          "Alphabet": "N",
          "Filters": []
        },
        {
          "Alphabet": "O",
          "Filters": [
            {
              "Name": "Organic",
              "Term": "Organic",
              "ExtraOutputFields": {},
              "Min": null,
              "Max": null,
              "Applied": false,
              "Count": 53,
              "Statement": null,
              "DisplayCoachMarks": false
            }
          ]
        },
        {
          "Alphabet": "P",
          "Filters": []
        },
        {
          "Alphabet": "Q",
          "Filters": []
        },
        {
          "Alphabet": "R",
          "Filters": []
        },
        {
          "Alphabet": "S",
          "Filters": [
            {
              "Name": "Source of Calcium",
              "Term": "Source of Calcium",
              "ExtraOutputFields": {},
              "Min": null,
              "Max": null,
              "Applied": false,
              "Count": 731,
              "Statement": null,
              "DisplayCoachMarks": false
            },
            {
              "Name": "Source of Fibre",
              "Term": "Source of Fibre",
              "ExtraOutputFields": {},
              "Min": null,
              "Max": null,
              "Applied": false,
              "Count": 261,
              "Statement": null,
              "DisplayCoachMarks": false
            },
            {
              "Name": "Source of Iron",
              "Term": "Source of Iron",
              "ExtraOutputFields": {},
              "Min": null,
              "Max": null,
              "Applied": false,
              "Count": 78,
              "Statement": null,
              "DisplayCoachMarks": false
            },
            {
              "Name": "Source of Protein",
              "Term": "Source of Protein",
              "ExtraOutputFields": {},
              "Min": null,
              "Max": null,
              "Applied": false,
              "Count": 826,
              "Statement": null,
              "DisplayCoachMarks": false
            },
            {
              "Name": "Sustainably Sourced",
              "Term": "Sustainably Sourced",
              "ExtraOutputFields": {},
              "Min": null,
              "Max": null,
              "Applied": false,
              "Count": 5,
              "Statement": null,
              "DisplayCoachMarks": false
            }
          ]
        },
        {
          "Alphabet": "T",
          "Filters": []
        },
        {
          "Alphabet": "U",
          "Filters": []
        },
        {
          "Alphabet": "V",
          "Filters": [
            {
              "Name": "Vegan",
              "Term": "Vegan",
              "ExtraOutputFields": {},
              "Min": null,
              "Max": null,
              "Applied": false,
              "Count": 245,
              "Statement": null,
              "DisplayCoachMarks": false
            },
            {
              "Name": "Vegetarian",
              "Term": "Vegetarian",
              "ExtraOutputFields": {},
              "Min": null,
              "Max": null,
              "Applied": false,
              "Count": 946,
              "Statement": null,
              "DisplayCoachMarks": false
            }
          ]
        },
        {
          "Alphabet": "W",
          "Filters": [
            {
              "Name": "Wholegrain",
              "Term": "Wholegrain",
              "ExtraOutputFields": {},
              "Min": null,
              "Max": null,
              "Applied": false,
              "Count": 1,
              "Statement": null,
              "DisplayCoachMarks": false
            }
          ]
        },
        {
          "Alphabet": "X",
          "Filters": []
        },
        {
          "Alphabet": "Y",
          "Filters": []
        },
        {
          "Alphabet": "Z",
          "Filters": []
        }
      ],
      "State": "Closed",
      "Rank": 1,
      "AdditionalResults": false,
      "DesignType": "Default",
      "ShowFilter": true,
      "Statement": "Please always check the product label or enquire with the manufacturer before consuming. In Partnership with Spoon Guru. <a href=\" https://www.woolworths.com.au/shop/discover/healthy-eating/allergies-and-intolerances/filters\" target=\"_blank\">Find out more about our filters </a></span>",
      "DisplayCoachMarks": false
    },
    {
      "Name": "Healthstar",
      "DisplayName": "Health Star Rating",
      "Type": "Multi",
      "FilterType": "Term",
      "FilterDataType": "String",
      "Results": null,
      "ResultsGrouped": [
        {
          "Alphabet": "0-9",
          "Filters": [
            {
              "Name": "1-star",
              "Term": "1-star",
              "ExtraOutputFields": {},
              "Min": null,
              "Max": null,
              "Applied": false,
              "Count": 35,
              "Statement": null,
              "DisplayCoachMarks": false
            },
            {
              "Name": "2-star",
              "Term": "2-star",
              "ExtraOutputFields": {},
              "Min": null,
              "Max": null,
              "Applied": false,
              "Count": 44,
              "Statement": null,
              "DisplayCoachMarks": false
            },
            {
              "Name": "3-star",
              "Term": "3-star",
              "ExtraOutputFields": {},
              "Min": null,
              "Max": null,
              "Applied": false,
              "Count": 153,
              "Statement": null,
              "DisplayCoachMarks": false
            },
            {
              "Name": "4-star",
              "Term": "4-star",
              "ExtraOutputFields": {},
              "Min": null,
              "Max": null,
              "Applied": false,
              "Count": 153,
              "Statement": null,
              "DisplayCoachMarks": false
            },
            {
              "Name": "5-star",
              "Term": "5-star",
              "ExtraOutputFields": {},
              "Min": null,
              "Max": null,
              "Applied": false,
              "Count": 57,
              "Statement": null,
              "DisplayCoachMarks": false
            }
          ]
        },
        {
          "Alphabet": "A",
          "Filters": []
        },
        {
          "Alphabet": "B",
          "Filters": []
        },
        {
          "Alphabet": "C",
          "Filters": []
        },
        {
          "Alphabet": "D",
          "Filters": []
        },
        {
          "Alphabet": "E",
          "Filters": []
        },
        {
          "Alphabet": "F",
          "Filters": []
        },
        {
          "Alphabet": "G",
          "Filters": []
        },
        {
          "Alphabet": "H",
          "Filters": []
        },
        {
          "Alphabet": "I",
          "Filters": []
        },
        {
          "Alphabet": "J",
          "Filters": []
        },
        {
          "Alphabet": "K",
          "Filters": []
        },
        {
          "Alphabet": "L",
          "Filters": []
        },
        {
          "Alphabet": "M",
          "Filters": []
        },
        {
          "Alphabet": "N",
          "Filters": []
        },
        {
          "Alphabet": "O",
          "Filters": []
        },
        {
          "Alphabet": "P",
          "Filters": []
        },
        {
          "Alphabet": "Q",
          "Filters": []
        },
        {
          "Alphabet": "R",
          "Filters": []
        },
        {
          "Alphabet": "S",
          "Filters": []
        },
        {
          "Alphabet": "T",
          "Filters": []
        },
        {
          "Alphabet": "U",
          "Filters": []
        },
        {
          "Alphabet": "V",
          "Filters": []
        },
        {
          "Alphabet": "W",
          "Filters": []
        },
        {
          "Alphabet": "X",
          "Filters": []
        },
        {
          "Alphabet": "Y",
          "Filters": []
        },
        {
          "Alphabet": "Z",
          "Filters": []
        }
      ],
      "State": "Closed",
      "Rank": 1,
      "AdditionalResults": false,
      "DesignType": "Default",
      "ShowFilter": true,
      "Statement": null,
      "DisplayCoachMarks": false
    },
    {
      "Name": "Category",
      "DisplayName": "Categories",
      "Type": "Multi",
      "FilterType": "Term",
      "FilterDataType": "String",
      "Results": [
        {
          "Name": "1_6E4F4E4",
          "Term": "1_6E4F4E4",
          "ExtraOutputFields": {
            "description": "Dairy, Eggs & Fridge",
            "nodelevel": 1,
            "displayorder": 4,
            "parentnodeid": null
          },
          "Min": null,
          "Max": null,
          "Applied": false,
          "Count": 1862,
          "Statement": null,
          "DisplayCoachMarks": false
        },
        {
          "Name": "1_B7EF010",
          "Term": "1_B7EF010",
          "ExtraOutputFields": {
            "description": "Cheese",
            "nodelevel": 2,
            "displayorder": 59,
            "parentnodeid": "1_6E4F4E4"
          },
          "Min": null,
          "Max": null,
          "Applied": false,
          "Count": 471,
          "Statement": null,
          "DisplayCoachMarks": false
        },
        {
          "Name": "1_AC76873",
          "Term": "1_AC76873",
          "ExtraOutputFields": {
            "description": "Yoghurt",
            "nodelevel": 2,
            "displayorder": 61,
            "parentnodeid": "1_6E4F4E4"
          },
          "Min": null,
          "Max": null,
          "Applied": false,
          "Count": 339,
          "Statement": null,
          "DisplayCoachMarks": false
        },
        {
          "Name": "1_2FBF4AF",
          "Term": "1_2FBF4AF",
          "ExtraOutputFields": {
            "description": "Entertaining Cheese",
            "nodelevel": 3,
            "displayorder": 605,
            "parentnodeid": "1_B7EF010"
          },
          "Min": null,
          "Max": null,
          "Applied": false,
          "Count": 330,
          "Statement": null,
          "DisplayCoachMarks": false
        },
        {
          "Name": "1_D5A2236",
          "Term": "1_D5A2236",
          "ExtraOutputFields": {
            "description": "Meat, Seafood & Deli",
            "nodelevel": 1,
            "displayorder": 2,
            "parentnodeid": null
          },
          "Min": null,
          "Max": null,
          "Applied": false,
          "Count": 302,
          "Statement": null,
          "DisplayCoachMarks": false
        },
        {
          "Name": "1_0349B31",
          "Term": "1_0349B31",
          "ExtraOutputFields": {
            "description": "Deli Specialities",
            "nodelevel": 2,
            "displayorder": 125,
            "parentnodeid": "1_D5A2236"
          },
          "Min": null,
          "Max": null,
          "Applied": false,
          "Count": 300,
          "Statement": null,
          "DisplayCoachMarks": false
        },
        {
          "Name": "1_626AB17",
          "Term": "1_626AB17",
          "ExtraOutputFields": {
            "description": "Ready to Eat Meals",
            "nodelevel": 2,
            "displayorder": 66,
            "parentnodeid": "1_6E4F4E4"
          },
          "Min": null,
          "Max": null,
          "Applied": false,
          "Count": 294,
          "Statement": null,
          "DisplayCoachMarks": false
        },
        {
          "Name": "1_985493C",
          "Term": "1_985493C",
          "ExtraOutputFields": {
            "description": "Gourmet Cheese",
            "nodelevel": 3,
            "displayorder": 155,
            "parentnodeid": "1_0349B31"
          },
          "Min": null,
          "Max": null,
          "Applied": false,
          "Count": 250,
          "Statement": null,
          "DisplayCoachMarks": false
        },
        {
          "Name": "1_223D9D6",
          "Term": "1_223D9D6",
          "ExtraOutputFields": {
            "description": "Milk",
            "nodelevel": 2,
            "displayorder": 60,
            "parentnodeid": "1_6E4F4E4"
          },
          "Min": null,
          "Max": null,
          "Applied": false,
          "Count": 247,
          "Statement": null,
          "DisplayCoachMarks": false
        },
        {
          "Name": "1_552B26B",
          "Term": "1_552B26B",
          "ExtraOutputFields": {
            "description": "Flavoured Yoghurt",
            "nodelevel": 3,
            "displayorder": 575,
            "parentnodeid": "1_AC76873"
          },
          "Min": null,
          "Max": null,
          "Applied": false,
          "Count": 214,
          "Statement": null,
          "DisplayCoachMarks": false
        },
        {
          "Name": "1_C4BB750",
          "Term": "1_C4BB750",
          "ExtraOutputFields": {
            "description": "Easter",
            "nodelevel": 1,
            "displayorder": 14,
            "parentnodeid": null
          },
          "Min": null,
          "Max": null,
          "Applied": false,
          "Count": 210,
          "Statement": null,
          "DisplayCoachMarks": false
        },
        {
          "Name": "1_A4E3313",
          "Term": "1_A4E3313",
          "ExtraOutputFields": {
            "description": "Chilled Ready Meals",
            "nodelevel": 3,
            "displayorder": 367,
            "parentnodeid": "1_626AB17"
          },
          "Min": null,
          "Max": null,
          "Applied": false,
          "Count": 138,
          "Statement": null,
          "DisplayCoachMarks": false
        },
        {
          "Name": "1_DCDA127",
          "Term": "1_DCDA127",
          "ExtraOutputFields": {
            "description": "Entertaining",
            "nodelevel": 2,
            "displayorder": 115,
            "parentnodeid": "1_C4BB750"
          },
          "Min": null,
          "Max": null,
          "Applied": false,
          "Count": 136,
          "Statement": null,
          "DisplayCoachMarks": false
        },
        {
          "Name": "1_D2B0685",
          "Term": "1_D2B0685",
          "ExtraOutputFields": {
            "description": "Dips & Pate",
            "nodelevel": 2,
            "displayorder": 64,
            "parentnodeid": "1_6E4F4E4"
          },
          "Min": null,
          "Max": null,
          "Applied": false,
          "Count": 135,
          "Statement": null,
          "DisplayCoachMarks": false
        },
        {
          "Name": "1_78FBFC0",
          "Term": "1_78FBFC0",
          "ExtraOutputFields": {
            "description": "Dips",
            "nodelevel": 3,
            "displayorder": 711,
            "parentnodeid": "1_D2B0685"
          },
          "Min": null,
          "Max": null,
          "Applied": false,
          "Count": 131,
          "Statement": null,
          "DisplayCoachMarks": false
        },
        {
          "Name": "1_85274A0",
          "Term": "1_85274A0",
          "ExtraOutputFields": {
            "description": "Eggs, Butter & Margarine",
            "nodelevel": 2,
            "displayorder": 63,
            "parentnodeid": "1_6E4F4E4"
          },
          "Min": null,
          "Max": null,
          "Applied": false,
          "Count": 112,
          "Statement": null,
          "DisplayCoachMarks": false
        },
        {
          "Name": "1_75F8665",
          "Term": "1_75F8665",
          "ExtraOutputFields": {
            "description": "Butter & Margarine",
            "nodelevel": 3,
            "displayorder": 464,
            "parentnodeid": "1_85274A0"
          },
          "Min": null,
          "Max": null,
          "Applied": false,
          "Count": 103,
          "Statement": null,
          "DisplayCoachMarks": false
        },
        {
          "Name": "1_C11A711",
          "Term": "1_C11A711",
          "ExtraOutputFields": {
            "description": "Low & No Fat Yoghurt",
            "nodelevel": 3,
            "displayorder": 576,
            "parentnodeid": "1_AC76873"
          },
          "Min": null,
          "Max": null,
          "Applied": false,
          "Count": 101,
          "Statement": null,
          "DisplayCoachMarks": false
        },
        {
          "Name": "1_13B343A",
          "Term": "1_13B343A",
          "ExtraOutputFields": {
            "description": "Lunch Box",
            "nodelevel": 2,
            "displayorder": 70,
            "parentnodeid": "1_6E4F4E4"
          },
          "Min": null,
          "Max": null,
          "Applied": false,
          "Count": 97,
          "Statement": null,
          "DisplayCoachMarks": false
        },
        {
          "Name": "1_825BAF8",
          "Term": "1_825BAF8",
          "ExtraOutputFields": {
            "description": "Cooking Cheese",
            "nodelevel": 3,
            "displayorder": 608,
            "parentnodeid": "1_B7EF010"
          },
          "Min": null,
          "Max": null,
          "Applied": false,
          "Count": 96,
          "Statement": null,
          "DisplayCoachMarks": false
        },
        {
          "Name": "1_00ED79B",
          "Term": "1_00ED79B",
          "ExtraOutputFields": {
            "description": "Vegetarian & Vegan",
            "nodelevel": 2,
            "displayorder": 68,
            "parentnodeid": "1_6E4F4E4"
          },
          "Min": null,
          "Max": null,
          "Applied": false,
          "Count": 93,
          "Statement": null,
          "DisplayCoachMarks": false
        },
        {
          "Name": "1_763A0AC",
          "Term": "1_763A0AC",
          "ExtraOutputFields": {
            "description": "Snacking Cheese",
            "nodelevel": 3,
            "displayorder": 607,
            "parentnodeid": "1_B7EF010"
          },
          "Min": null,
          "Max": null,
          "Applied": false,
          "Count": 93,
          "Statement": null,
          "DisplayCoachMarks": false
        },
        {
          "Name": "1_27854C9",
          "Term": "1_27854C9",
          "ExtraOutputFields": {
            "description": "Soy & Speciality Milk",
            "nodelevel": 3,
            "displayorder": 236,
            "parentnodeid": "1_223D9D6"
          },
          "Min": null,
          "Max": null,
          "Applied": false,
          "Count": 91,
          "Statement": null,
          "DisplayCoachMarks": false
        },
        {
          "Name": "1_5AF3A0A",
          "Term": "1_5AF3A0A",
          "ExtraOutputFields": {
            "description": "Drinks",
            "nodelevel": 1,
            "displayorder": 7,
            "parentnodeid": null
          },
          "Min": null,
          "Max": null,
          "Applied": false,
          "Count": 91,
          "Statement": null,
          "DisplayCoachMarks": false
        },
        {
          "Name": "1_787944C",
          "Term": "1_787944C",
          "ExtraOutputFields": {
            "description": "Packaged Salads & Sides",
            "nodelevel": 3,
            "displayorder": 369,
            "parentnodeid": "1_626AB17"
          },
          "Min": null,
          "Max": null,
          "Applied": false,
          "Count": 90,
          "Statement": null,
          "DisplayCoachMarks": false
        },
        {
          "Name": "1_2DDBF53",
          "Term": "1_2DDBF53",
          "ExtraOutputFields": {
            "description": "Vegetarian & Meat Free",
            "nodelevel": 3,
            "displayorder": 152,
            "parentnodeid": "1_00ED79B"
          },
          "Min": null,
          "Max": null,
          "Applied": false,
          "Count": 88,
          "Statement": null,
          "DisplayCoachMarks": false
        },
        {
          "Name": "1_5B3E600",
          "Term": "1_5B3E600",
          "ExtraOutputFields": {
            "description": "Flavoured Milk",
            "nodelevel": 3,
            "displayorder": 237,
            "parentnodeid": "1_223D9D6"
          },
          "Min": null,
          "Max": null,
          "Applied": false,
          "Count": 87,
          "Statement": null,
          "DisplayCoachMarks": false
        },
        {
          "Name": "1_E872E7C",
          "Term": "1_E872E7C",
          "ExtraOutputFields": {
            "description": "Long Life Milk",
            "nodelevel": 3,
            "displayorder": 238,
            "parentnodeid": "1_223D9D6"
          },
          "Min": null,
          "Max": null,
          "Applied": false,
          "Count": 87,
          "Statement": null,
          "DisplayCoachMarks": false
        },
        {
          "Name": "1_91794DD",
          "Term": "1_91794DD",
          "ExtraOutputFields": {
            "description": "Cream, Custard & Desserts",
            "nodelevel": 2,
            "displayorder": 62,
            "parentnodeid": "1_6E4F4E4"
          },
          "Min": null,
          "Max": null,
          "Applied": false,
          "Count": 85,
          "Statement": null,
          "DisplayCoachMarks": false
        },
        {
          "Name": "1_159A4FB",
          "Term": "1_159A4FB",
          "ExtraOutputFields": {
            "description": "Long Life Milk",
            "nodelevel": 2,
            "displayorder": 54,
            "parentnodeid": "1_5AF3A0A"
          },
          "Min": null,
          "Max": null,
          "Applied": false,
          "Count": 84,
          "Statement": null,
          "DisplayCoachMarks": false
        },
        {
          "Name": "1_D3D428B",
          "Term": "1_D3D428B",
          "ExtraOutputFields": {
            "description": "Fresh Pasta & Sauces",
            "nodelevel": 2,
            "displayorder": 67,
            "parentnodeid": "1_6E4F4E4"
          },
          "Min": null,
          "Max": null,
          "Applied": false,
          "Count": 80,
          "Statement": null,
          "DisplayCoachMarks": false
        },
        {
          "Name": "1_C9FB16E",
          "Term": "1_C9FB16E",
          "ExtraOutputFields": {
            "description": "Plant-based Alternatives",
            "nodelevel": 3,
            "displayorder": 664,
            "parentnodeid": "1_CBB2A83"
          },
          "Min": null,
          "Max": null,
          "Applied": false,
          "Count": 74,
          "Statement": null,
          "DisplayCoachMarks": false
        },
        {
          "Name": "1_CBB2A83",
          "Term": "1_CBB2A83",
          "ExtraOutputFields": {
            "description": "Vegetarian & Vegan",
            "nodelevel": 2,
            "displayorder": 119,
            "parentnodeid": "1_C4BB750"
          },
          "Min": null,
          "Max": null,
          "Applied": false,
          "Count": 74,
          "Statement": null,
          "DisplayCoachMarks": false
        },
        {
          "Name": "1_3AE8E17",
          "Term": "1_3AE8E17",
          "ExtraOutputFields": {
            "description": "Cheese & Crackers",
            "nodelevel": 3,
            "displayorder": 734,
            "parentnodeid": "1_DCDA127"
          },
          "Min": null,
          "Max": null,
          "Applied": false,
          "Count": 70,
          "Statement": null,
          "DisplayCoachMarks": false
        },
        {
          "Name": "1_33811EB",
          "Term": "1_33811EB",
          "ExtraOutputFields": {
            "description": "Fresh Pasta & Noodles",
            "nodelevel": 3,
            "displayorder": 713,
            "parentnodeid": "1_D3D428B"
          },
          "Min": null,
          "Max": null,
          "Applied": false,
          "Count": 66,
          "Statement": null,
          "DisplayCoachMarks": false
        },
        {
          "Name": "1_7039540",
          "Term": "1_7039540",
          "ExtraOutputFields": {
            "description": "Soft Cheese",
            "nodelevel": 3,
            "displayorder": 606,
            "parentnodeid": "1_B7EF010"
          },
          "Min": null,
          "Max": null,
          "Applied": false,
          "Count": 63,
          "Statement": null,
          "DisplayCoachMarks": false
        },
        {
          "Name": "1_E94D884",
          "Term": "1_E94D884",
          "ExtraOutputFields": {
            "description": "Greek & Natural Yoghurt",
            "nodelevel": 3,
            "displayorder": 574,
            "parentnodeid": "1_AC76873"
          },
          "Min": null,
          "Max": null,
          "Applied": false,
          "Count": 60,
          "Statement": null,
          "DisplayCoachMarks": false
        },
        {
          "Name": "1-E5BEE36E",
          "Term": "1-E5BEE36E",
          "ExtraOutputFields": {
            "description": "Fruit & Veg",
            "nodelevel": 1,
            "displayorder": 1,
            "parentnodeid": null
          },
          "Min": null,
          "Max": null,
          "Applied": false,
          "Count": 58,
          "Statement": null,
          "DisplayCoachMarks": false
        },
        {
          "Name": "1_2684504",
          "Term": "1_2684504",
          "ExtraOutputFields": {
            "description": "Salad",
            "nodelevel": 2,
            "displayorder": 17,
            "parentnodeid": "1-E5BEE36E"
          },
          "Min": null,
          "Max": null,
          "Applied": false,
          "Count": 56,
          "Statement": null,
          "DisplayCoachMarks": false
        },
        {
          "Name": "1_B810788",
          "Term": "1_B810788",
          "ExtraOutputFields": {
            "description": "Baby & Kids Yoghurt",
            "nodelevel": 3,
            "displayorder": 577,
            "parentnodeid": "1_AC76873"
          },
          "Min": null,
          "Max": null,
          "Applied": false,
          "Count": 54,
          "Statement": null,
          "DisplayCoachMarks": false
        },
        {
          "Name": "1_39FD49C",
          "Term": "1_39FD49C",
          "ExtraOutputFields": {
            "description": "Pantry",
            "nodelevel": 1,
            "displayorder": 5,
            "parentnodeid": null
          },
          "Min": null,
          "Max": null,
          "Applied": false,
          "Count": 49,
          "Statement": null,
          "DisplayCoachMarks": false
        },
        {
          "Name": "1_914C9DE",
          "Term": "1_914C9DE",
          "ExtraOutputFields": {
            "description": "International Foods",
            "nodelevel": 2,
            "displayorder": 69,
            "parentnodeid": "1_6E4F4E4"
          },
          "Min": null,
          "Max": null,
          "Applied": false,
          "Count": 49,
          "Statement": null,
          "DisplayCoachMarks": false
        },
        {
          "Name": "1_51B71E6",
          "Term": "1_51B71E6",
          "ExtraOutputFields": {
            "description": "Dips & Pate",
            "nodelevel": 3,
            "displayorder": 741,
            "parentnodeid": "1_DCDA127"
          },
          "Min": null,
          "Max": null,
          "Applied": false,
          "Count": 47,
          "Statement": null,
          "DisplayCoachMarks": false
        },
        {
          "Name": "1_4003688",
          "Term": "1_4003688",
          "ExtraOutputFields": {
            "description": "Parmesan & Italian Cheese",
            "nodelevel": 3,
            "displayorder": 610,
            "parentnodeid": "1_B7EF010"
          },
          "Min": null,
          "Max": null,
          "Applied": false,
          "Count": 43,
          "Statement": null,
          "DisplayCoachMarks": false
        },
        {
          "Name": "1_29F8BC3",
          "Term": "1_29F8BC3",
          "ExtraOutputFields": {
            "description": "Chilled Pizza & Bread",
            "nodelevel": 3,
            "displayorder": 368,
            "parentnodeid": "1_626AB17"
          },
          "Min": null,
          "Max": null,
          "Applied": false,
          "Count": 40,
          "Statement": null,
          "DisplayCoachMarks": false
        },
        {
          "Name": "1_A37320F",
          "Term": "1_A37320F",
          "ExtraOutputFields": {
            "description": "Prepared Salads",
            "nodelevel": 3,
            "displayorder": 271,
            "parentnodeid": "1_2684504"
          },
          "Min": null,
          "Max": null,
          "Applied": false,
          "Count": 40,
          "Statement": null,
          "DisplayCoachMarks": false
        },
        {
          "Name": "1_F0612E0",
          "Term": "1_F0612E0",
          "ExtraOutputFields": {
            "description": "Dairy Snacks",
            "nodelevel": 3,
            "displayorder": 196,
            "parentnodeid": "1_13B343A"
          },
          "Min": null,
          "Max": null,
          "Applied": false,
          "Count": 39,
          "Statement": null,
          "DisplayCoachMarks": false
        },
        {
          "Name": "1_0234274",
          "Term": "1_0234274",
          "ExtraOutputFields": {
            "description": "Block Cheese",
            "nodelevel": 3,
            "displayorder": 602,
            "parentnodeid": "1_B7EF010"
          },
          "Min": null,
          "Max": null,
          "Applied": false,
          "Count": 37,
          "Statement": null,
          "DisplayCoachMarks": false
        },
        {
          "Name": "1_68976E6",
          "Term": "1_68976E6",
          "ExtraOutputFields": {
            "description": "Vegan",
            "nodelevel": 3,
            "displayorder": 153,
            "parentnodeid": "1_00ED79B"
          },
          "Min": null,
          "Max": null,
          "Applied": false,
          "Count": 32,
          "Statement": null,
          "DisplayCoachMarks": false
        },
        {
          "Name": "1_0DAD080",
          "Term": "1_0DAD080",
          "ExtraOutputFields": {
            "description": "Fetta & Goat's Cheese",
            "nodelevel": 3,
            "displayorder": 609,
            "parentnodeid": "1_B7EF010"
          },
          "Min": null,
          "Max": null,
          "Applied": false,
          "Count": 31,
          "Statement": null,
          "DisplayCoachMarks": false
        },
        {
          "Name": "1_6830C7C",
          "Term": "1_6830C7C",
          "ExtraOutputFields": {
            "description": "Cream",
            "nodelevel": 3,
            "displayorder": 507,
            "parentnodeid": "1_91794DD"
          },
          "Min": null,
          "Max": null,
          "Applied": false,
          "Count": 31,
          "Statement": null,
          "DisplayCoachMarks": false
        },
        {
          "Name": "1_4410EBD",
          "Term": "1_4410EBD",
          "ExtraOutputFields": {
            "description": "Healthier Dairy Snacks",
            "nodelevel": 3,
            "displayorder": 198,
            "parentnodeid": "1_13B343A"
          },
          "Min": null,
          "Max": null,
          "Applied": false,
          "Count": 29,
          "Statement": null,
          "DisplayCoachMarks": false
        },
        {
          "Name": "1_F67406E",
          "Term": "1_F67406E",
          "ExtraOutputFields": {
            "description": "Desserts",
            "nodelevel": 3,
            "displayorder": 509,
            "parentnodeid": "1_91794DD"
          },
          "Min": null,
          "Max": null,
          "Applied": false,
          "Count": 29,
          "Statement": null,
          "DisplayCoachMarks": false
        },
        {
          "Name": "1_9ADF8CF",
          "Term": "1_9ADF8CF",
          "ExtraOutputFields": {
            "description": "Custard",
            "nodelevel": 3,
            "displayorder": 508,
            "parentnodeid": "1_91794DD"
          },
          "Min": null,
          "Max": null,
          "Applied": false,
          "Count": 28,
          "Statement": null,
          "DisplayCoachMarks": false
        },
        {
          "Name": "1_CB9BC74",
          "Term": "1_CB9BC74",
          "ExtraOutputFields": {
            "description": "Chilled Asian",
            "nodelevel": 3,
            "displayorder": 503,
            "parentnodeid": "1_914C9DE"
          },
          "Min": null,
          "Max": null,
          "Applied": false,
          "Count": 28,
          "Statement": null,
          "DisplayCoachMarks": false
        },
        {
          "Name": "1_584FA04",
          "Term": "1_584FA04",
          "ExtraOutputFields": {
            "description": "Skim & Reduced Fat Milk",
            "nodelevel": 3,
            "displayorder": 235,
            "parentnodeid": "1_223D9D6"
          },
          "Min": null,
          "Max": null,
          "Applied": false,
          "Count": 27,
          "Statement": null,
          "DisplayCoachMarks": false
        },
        {
          "Name": "1_8635DF0",
          "Term": "1_8635DF0",
          "ExtraOutputFields": {
            "description": "Almond Milk",
            "nodelevel": 3,
            "displayorder": 200,
            "parentnodeid": "1_159A4FB"
          },
          "Min": null,
          "Max": null,
          "Applied": false,
          "Count": 27,
          "Statement": null,
          "DisplayCoachMarks": false
        },
        {
          "Name": "1_A8A8E7C",
          "Term": "1_A8A8E7C",
          "ExtraOutputFields": {
            "description": "Full Cream Milk",
            "nodelevel": 3,
            "displayorder": 234,
            "parentnodeid": "1_223D9D6"
          },
          "Min": null,
          "Max": null,
          "Applied": false,
          "Count": 27,
          "Statement": null,
          "DisplayCoachMarks": false
        },
        {
          "Name": "1_35E3CFE",
          "Term": "1_35E3CFE",
          "ExtraOutputFields": {
            "description": "Ricotta, Cottage & Cream Cheese",
            "nodelevel": 3,
            "displayorder": 611,
            "parentnodeid": "1_B7EF010"
          },
          "Min": null,
          "Max": null,
          "Applied": false,
          "Count": 26,
          "Statement": null,
          "DisplayCoachMarks": false
        },
        {
          "Name": "1_3E8B110",
          "Term": "1_3E8B110",
          "ExtraOutputFields": {
            "description": "Chilled Soup",
            "nodelevel": 3,
            "displayorder": 366,
            "parentnodeid": "1_626AB17"
          },
          "Min": null,
          "Max": null,
          "Applied": false,
          "Count": 25,
          "Statement": null,
          "DisplayCoachMarks": false
        },
        {
          "Name": "1_0842985",
          "Term": "1_0842985",
          "ExtraOutputFields": {
            "description": "Salads",
            "nodelevel": 3,
            "displayorder": 158,
            "parentnodeid": "1_0349B31"
          },
          "Min": null,
          "Max": null,
          "Applied": false,
          "Count": 24,
          "Statement": null,
          "DisplayCoachMarks": false
        },
        {
          "Name": "1_EA99491",
          "Term": "1_EA99491",
          "ExtraOutputFields": {
            "description": "Prepared Foods",
            "nodelevel": 3,
            "displayorder": 159,
            "parentnodeid": "1_0349B31"
          },
          "Min": null,
          "Max": null,
          "Applied": false,
          "Count": 23,
          "Statement": null,
          "DisplayCoachMarks": false
        },
        {
          "Name": "1_F94866A",
          "Term": "1_F94866A",
          "ExtraOutputFields": {
            "description": "Dairy Cheese",
            "nodelevel": 3,
            "displayorder": 197,
            "parentnodeid": "1_13B343A"
          },
          "Min": null,
          "Max": null,
          "Applied": false,
          "Count": 23,
          "Statement": null,
          "DisplayCoachMarks": false
        },
        {
          "Name": "1_96C6180",
          "Term": "1_96C6180",
          "ExtraOutputFields": {
            "description": "Grated Cheese",
            "nodelevel": 3,
            "displayorder": 604,
            "parentnodeid": "1_B7EF010"
          },
          "Min": null,
          "Max": null,
          "Applied": false,
          "Count": 22,
          "Statement": null,
          "DisplayCoachMarks": false
        },
        {
          "Name": "1_099FB37",
          "Term": "1_099FB37",
          "ExtraOutputFields": {
            "description": "Snacks & Confectionery",
            "nodelevel": 2,
            "displayorder": 34,
            "parentnodeid": "1_39FD49C"
          },
          "Min": null,
          "Max": null,
          "Applied": false,
          "Count": 20,
          "Statement": null,
          "DisplayCoachMarks": false
        },
        {
          "Name": "1_89BB9C0",
          "Term": "1_89BB9C0",
          "ExtraOutputFields": {
            "description": "Sliced Cheese",
            "nodelevel": 3,
            "displayorder": 603,
            "parentnodeid": "1_B7EF010"
          },
          "Min": null,
          "Max": null,
          "Applied": false,
          "Count": 20,
          "Statement": null,
          "DisplayCoachMarks": false
        },
        {
          "Name": "1_A454321",
          "Term": "1_A454321",
          "ExtraOutputFields": {
            "description": "Salads",
            "nodelevel": 3,
            "displayorder": 735,
            "parentnodeid": "1_DCDA127"
          },
          "Min": null,
          "Max": null,
          "Applied": false,
          "Count": 19,
          "Statement": null,
          "DisplayCoachMarks": false
        },
        {
          "Name": "1_D3FC80F",
          "Term": "1_D3FC80F",
          "ExtraOutputFields": {
            "description": "Chilled Kosher",
            "nodelevel": 3,
            "displayorder": 505,
            "parentnodeid": "1_914C9DE"
          },
          "Min": null,
          "Max": null,
          "Applied": false,
          "Count": 19,
          "Statement": null,
          "DisplayCoachMarks": false
        },
        {
          "Name": "1_96A982C",
          "Term": "1_96A982C",
          "ExtraOutputFields": {
            "description": "Soy Milk",
            "nodelevel": 3,
            "displayorder": 201,
            "parentnodeid": "1_159A4FB"
          },
          "Min": null,
          "Max": null,
          "Applied": false,
          "Count": 17,
          "Statement": null,
          "DisplayCoachMarks": false
        },
        {
          "Name": "1_9B30ADD",
          "Term": "1_9B30ADD",
          "ExtraOutputFields": {
            "description": "Lunch Box Snacks",
            "nodelevel": 3,
            "displayorder": 170,
            "parentnodeid": "1_099FB37"
          },
          "Min": null,
          "Max": null,
          "Applied": false,
          "Count": 17,
          "Statement": null,
          "DisplayCoachMarks": false
        },
        {
          "Name": "1_A28BC2C",
          "Term": "1_A28BC2C",
          "ExtraOutputFields": {
            "description": "Dips & Pâté",
            "nodelevel": 3,
            "displayorder": 154,
            "parentnodeid": "1_0349B31"
          },
          "Min": null,
          "Max": null,
          "Applied": false,
          "Count": 17,
          "Statement": null,
          "DisplayCoachMarks": false
        },
        {
          "Name": "1_175C55B",
          "Term": "1_175C55B",
          "ExtraOutputFields": {
            "description": "Salad Bags",
            "nodelevel": 3,
            "displayorder": 270,
            "parentnodeid": "1_2684504"
          },
          "Min": null,
          "Max": null,
          "Applied": false,
          "Count": 16,
          "Statement": null,
          "DisplayCoachMarks": false
        },
        {
          "Name": "1_7BA8B3A",
          "Term": "1_7BA8B3A",
          "ExtraOutputFields": {
            "description": "Dairy & Lactose Free Cheese",
            "nodelevel": 3,
            "displayorder": 612,
            "parentnodeid": "1_B7EF010"
          },
          "Min": null,
          "Max": null,
          "Applied": false,
          "Count": 16,
          "Statement": null,
          "DisplayCoachMarks": false
        },
        {
          "Name": "1_B016594",
          "Term": "1_B016594",
          "ExtraOutputFields": {
            "description": "Pasta Sauces",
            "nodelevel": 3,
            "displayorder": 714,
            "parentnodeid": "1_D3D428B"
          },
          "Min": null,
          "Max": null,
          "Applied": false,
          "Count": 14,
          "Statement": null,
          "DisplayCoachMarks": false
        },
        {
          "Name": "1_157EAE2",
          "Term": "1_157EAE2",
          "ExtraOutputFields": {
            "description": "Long Life Milk",
            "nodelevel": 3,
            "displayorder": 205,
            "parentnodeid": "1_159A4FB"
          },
          "Min": null,
          "Max": null,
          "Applied": false,
          "Count": 13,
          "Statement": null,
          "DisplayCoachMarks": false
        },
        {
          "Name": "1_6102D14",
          "Term": "1_6102D14",
          "ExtraOutputFields": {
            "description": "Lunch Box",
            "nodelevel": 2,
            "displayorder": 46,
            "parentnodeid": "1_39FD49C"
          },
          "Min": null,
          "Max": null,
          "Applied": false,
          "Count": 13,
          "Statement": null,
          "DisplayCoachMarks": false
        },
        {
          "Name": "1_6CCFC9C",
          "Term": "1_6CCFC9C",
          "ExtraOutputFields": {
            "description": "Spreads & Condiments",
            "nodelevel": 3,
            "displayorder": 348,
            "parentnodeid": "1_6102D14"
          },
          "Min": null,
          "Max": null,
          "Applied": false,
          "Count": 12,
          "Statement": null,
          "DisplayCoachMarks": false
        },
        {
          "Name": "1_6265F90",
          "Term": "1_6265F90",
          "ExtraOutputFields": {
            "description": "Salad & Veg",
            "nodelevel": 3,
            "displayorder": 590,
            "parentnodeid": "1_B435CE8"
          },
          "Min": null,
          "Max": null,
          "Applied": false,
          "Count": 10,
          "Statement": null,
          "DisplayCoachMarks": false
        },
        {
          "Name": "1_8BF8706",
          "Term": "1_8BF8706",
          "ExtraOutputFields": {
            "description": "Pate, Paste &  Caviar",
            "nodelevel": 3,
            "displayorder": 712,
            "parentnodeid": "1_D2B0685"
          },
          "Min": null,
          "Max": null,
          "Applied": false,
          "Count": 10,
          "Statement": null,
          "DisplayCoachMarks": false
        },
        {
          "Name": "1_B435CE8",
          "Term": "1_B435CE8",
          "ExtraOutputFields": {
            "description": "Lunch Box",
            "nodelevel": 2,
            "displayorder": 19,
            "parentnodeid": "1-E5BEE36E"
          },
          "Min": null,
          "Max": null,
          "Applied": false,
          "Count": 10,
          "Statement": null,
          "DisplayCoachMarks": false
        },
        {
          "Name": "1_1B0ADAF",
          "Term": "1_1B0ADAF",
          "ExtraOutputFields": {
            "description": "Oat & Rice Milk",
            "nodelevel": 3,
            "displayorder": 203,
            "parentnodeid": "1_159A4FB"
          },
          "Min": null,
          "Max": null,
          "Applied": false,
          "Count": 9,
          "Statement": null,
          "DisplayCoachMarks": false
        },
        {
          "Name": "1_7C17211",
          "Term": "1_7C17211",
          "ExtraOutputFields": {
            "description": "Eggs",
            "nodelevel": 3,
            "displayorder": 463,
            "parentnodeid": "1_85274A0"
          },
          "Min": null,
          "Max": null,
          "Applied": false,
          "Count": 9,
          "Statement": null,
          "DisplayCoachMarks": false
        },
        {
          "Name": "1_B7999C4",
          "Term": "1_B7999C4",
          "ExtraOutputFields": {
            "description": "Lactose Free",
            "nodelevel": 3,
            "displayorder": 199,
            "parentnodeid": "1_13B343A"
          },
          "Min": null,
          "Max": null,
          "Applied": false,
          "Count": 8,
          "Statement": null,
          "DisplayCoachMarks": false
        },
        {
          "Name": "1_23C59D3",
          "Term": "1_23C59D3",
          "ExtraOutputFields": {
            "description": "Canned Food & Instant Meals",
            "nodelevel": 2,
            "displayorder": 41,
            "parentnodeid": "1_39FD49C"
          },
          "Min": null,
          "Max": null,
          "Applied": false,
          "Count": 7,
          "Statement": null,
          "DisplayCoachMarks": false
        },
        {
          "Name": "1_4A12C8D",
          "Term": "1_4A12C8D",
          "ExtraOutputFields": {
            "description": "Powdered Milk",
            "nodelevel": 3,
            "displayorder": 202,
            "parentnodeid": "1_159A4FB"
          },
          "Min": null,
          "Max": null,
          "Applied": false,
          "Count": 7,
          "Statement": null,
          "DisplayCoachMarks": false
        },
        {
          "Name": "1_9C3BC60",
          "Term": "1_9C3BC60",
          "ExtraOutputFields": {
            "description": "Lactose Free Milk",
            "nodelevel": 3,
            "displayorder": 239,
            "parentnodeid": "1_223D9D6"
          },
          "Min": null,
          "Max": null,
          "Applied": false,
          "Count": 7,
          "Statement": null,
          "DisplayCoachMarks": false
        },
        {
          "Name": "1_DB1AE2F",
          "Term": "1_DB1AE2F",
          "ExtraOutputFields": {
            "description": "Muesli Bars & Snack Bars",
            "nodelevel": 3,
            "displayorder": 171,
            "parentnodeid": "1_099FB37"
          },
          "Min": null,
          "Max": null,
          "Applied": false,
          "Count": 7,
          "Statement": null,
          "DisplayCoachMarks": false
        },
        {
          "Name": "1_F4FDD26",
          "Term": "1_F4FDD26",
          "ExtraOutputFields": {
            "description": "Flavoured Milk",
            "nodelevel": 2,
            "displayorder": 53,
            "parentnodeid": "1_5AF3A0A"
          },
          "Min": null,
          "Max": null,
          "Applied": false,
          "Count": 7,
          "Statement": null,
          "DisplayCoachMarks": false
        },
        {
          "Name": "1_4FD30CF",
          "Term": "1_4FD30CF",
          "ExtraOutputFields": {
            "description": "Condensed & Evaporated Milk",
            "nodelevel": 3,
            "displayorder": 206,
            "parentnodeid": "1_159A4FB"
          },
          "Min": null,
          "Max": null,
          "Applied": false,
          "Count": 6,
          "Statement": null,
          "DisplayCoachMarks": false
        },
        {
          "Name": "1_62B7AA0",
          "Term": "1_62B7AA0",
          "ExtraOutputFields": {
            "description": "Packaged Bread & Bakery",
            "nodelevel": 2,
            "displayorder": 130,
            "parentnodeid": "1_DEB537E"
          },
          "Min": null,
          "Max": null,
          "Applied": false,
          "Count": 6,
          "Statement": null,
          "DisplayCoachMarks": false
        },
        {
          "Name": "1_7C1B44C",
          "Term": "1_7C1B44C",
          "ExtraOutputFields": {
            "description": "Pies & Quiches",
            "nodelevel": 3,
            "displayorder": 383,
            "parentnodeid": "1_62B7AA0"
          },
          "Min": null,
          "Max": null,
          "Applied": false,
          "Count": 6,
          "Statement": null,
          "DisplayCoachMarks": false
        },
        {
          "Name": "1_AD6D76A",
          "Term": "1_AD6D76A",
          "ExtraOutputFields": {
            "description": "Lactose Free Milk",
            "nodelevel": 3,
            "displayorder": 204,
            "parentnodeid": "1_159A4FB"
          },
          "Min": null,
          "Max": null,
          "Applied": false,
          "Count": 6,
          "Statement": null,
          "DisplayCoachMarks": false
        },
        {
          "Name": "1_DEB537E",
          "Term": "1_DEB537E",
          "ExtraOutputFields": {
            "description": "Bakery",
            "nodelevel": 1,
            "displayorder": 3,
            "parentnodeid": null
          },
          "Min": null,
          "Max": null,
          "Applied": false,
          "Count": 6,
          "Statement": null,
          "DisplayCoachMarks": false
        },
        {
          "Name": "1_F8EABB4",
          "Term": "1_F8EABB4",
          "ExtraOutputFields": {
            "description": "Condensed, Evaporated & Coconut Milk",
            "nodelevel": 3,
            "displayorder": 254,
            "parentnodeid": "1_23C59D3"
          },
          "Min": null,
          "Max": null,
          "Applied": false,
          "Count": 6,
          "Statement": null,
          "DisplayCoachMarks": false
        },
        {
          "Name": "1_0BEEEDF",
          "Term": "1_0BEEEDF",
          "ExtraOutputFields": {
            "description": "Kids Milk",
            "nodelevel": 3,
            "displayorder": 808,
            "parentnodeid": "1_F4FDD26"
          },
          "Min": null,
          "Max": null,
          "Applied": false,
          "Count": 5,
          "Statement": null,
          "DisplayCoachMarks": false
        },
        {
          "Name": "1_0663044",
          "Term": "1_0663044",
          "ExtraOutputFields": {
            "description": "Prepacked Vegetables",
            "nodelevel": 3,
            "displayorder": 561,
            "parentnodeid": "1_AC17EDD"
          },
          "Min": null,
          "Max": null,
          "Applied": false,
          "Count": 4,
          "Statement": null,
          "DisplayCoachMarks": false
        },
        {
          "Name": "1_AC17EDD",
          "Term": "1_AC17EDD",
          "ExtraOutputFields": {
            "description": "Vegetables",
            "nodelevel": 2,
            "displayorder": 16,
            "parentnodeid": "1-E5BEE36E"
          },
          "Min": null,
          "Max": null,
          "Applied": false,
          "Count": 4,
          "Statement": null,
          "DisplayCoachMarks": false
        },
        {
          "Name": "1_AF5E3AC",
          "Term": "1_AF5E3AC",
          "ExtraOutputFields": {
            "description": "Savoury Spread",
            "nodelevel": 3,
            "displayorder": 645,
            "parentnodeid": "1_C7A623D"
          },
          "Min": null,
          "Max": null,
          "Applied": false,
          "Count": 4,
          "Statement": null,
          "DisplayCoachMarks": false
        },
        {
          "Name": "1_C2E7913",
          "Term": "1_C2E7913",
          "ExtraOutputFields": {
            "description": "Specialty Dairy",
            "nodelevel": 2,
            "displayorder": 65,
            "parentnodeid": "1_6E4F4E4"
          },
          "Min": null,
          "Max": null,
          "Applied": false,
          "Count": 4,
          "Statement": null,
          "DisplayCoachMarks": false
        },
        {
          "Name": "1_C7A623D",
          "Term": "1_C7A623D",
          "ExtraOutputFields": {
            "description": "Breakfast & Spreads",
            "nodelevel": 2,
            "displayorder": 35,
            "parentnodeid": "1_39FD49C"
          },
          "Min": null,
          "Max": null,
          "Applied": false,
          "Count": 4,
          "Statement": null,
          "DisplayCoachMarks": false
        },
        {
          "Name": "1_83608CE",
          "Term": "1_83608CE",
          "ExtraOutputFields": {
            "description": "Sauce, Oil & Vinegar",
            "nodelevel": 2,
            "displayorder": 43,
            "parentnodeid": "1_39FD49C"
          },
          "Min": null,
          "Max": null,
          "Applied": false,
          "Count": 3,
          "Statement": null,
          "DisplayCoachMarks": false
        },
        {
          "Name": "1_D148483",
          "Term": "1_D148483",
          "ExtraOutputFields": {
            "description": "Gluten Free Dairy",
            "nodelevel": 3,
            "displayorder": 620,
            "parentnodeid": "1_C2E7913"
          },
          "Min": null,
          "Max": null,
          "Applied": false,
          "Count": 3,
          "Statement": null,
          "DisplayCoachMarks": false
        },
        {
          "Name": "1_E8136E3",
          "Term": "1_E8136E3",
          "ExtraOutputFields": {
            "description": "Pizza & Pasta Sauce",
            "nodelevel": 3,
            "displayorder": 442,
            "parentnodeid": "1_83608CE"
          },
          "Min": null,
          "Max": null,
          "Applied": false,
          "Count": 3,
          "Statement": null,
          "DisplayCoachMarks": false
        },
        {
          "Name": "1_130E433",
          "Term": "1_130E433",
          "ExtraOutputFields": {
            "description": "Gluten Free",
            "nodelevel": 3,
            "displayorder": 288,
            "parentnodeid": "1_3382FC2"
          },
          "Min": null,
          "Max": null,
          "Applied": false,
          "Count": 2,
          "Statement": null,
          "DisplayCoachMarks": false
        },
        {
          "Name": "1_3382FC2",
          "Term": "1_3382FC2",
          "ExtraOutputFields": {
            "description": "Frozen Gluten Free",
            "nodelevel": 2,
            "displayorder": 100,
            "parentnodeid": "1_ACA2FC2"
          },
          "Min": null,
          "Max": null,
          "Applied": false,
          "Count": 2,
          "Statement": null,
          "DisplayCoachMarks": false
        },
        {
          "Name": "1_51795E8",
          "Term": "1_51795E8",
          "ExtraOutputFields": {
            "description": "Drinks & Powders",
            "nodelevel": 3,
            "displayorder": 806,
            "parentnodeid": "1_F4FDD26"
          },
          "Min": null,
          "Max": null,
          "Applied": false,
          "Count": 2,
          "Statement": null,
          "DisplayCoachMarks": false
        },
        {
          "Name": "1_A50A55F",
          "Term": "1_A50A55F",
          "ExtraOutputFields": {
            "description": "Spaghetti",
            "nodelevel": 3,
            "displayorder": 593,
            "parentnodeid": "1_B5F8608"
          },
          "Min": null,
          "Max": null,
          "Applied": false,
          "Count": 2,
          "Statement": null,
          "DisplayCoachMarks": false
        },
        {
          "Name": "1_ACA2FC2",
          "Term": "1_ACA2FC2",
          "ExtraOutputFields": {
            "description": "Freezer",
            "nodelevel": 1,
            "displayorder": 6,
            "parentnodeid": null
          },
          "Min": null,
          "Max": null,
          "Applied": false,
          "Count": 2,
          "Statement": null,
          "DisplayCoachMarks": false
        },
        {
          "Name": "1_B5F8608",
          "Term": "1_B5F8608",
          "ExtraOutputFields": {
            "description": "Pasta, Rice & Grains",
            "nodelevel": 2,
            "displayorder": 42,
            "parentnodeid": "1_39FD49C"
          },
          "Min": null,
          "Max": null,
          "Applied": false,
          "Count": 2,
          "Statement": null,
          "DisplayCoachMarks": false
        },
        {
          "Name": "1_B680E29",
          "Term": "1_B680E29",
          "ExtraOutputFields": {
            "description": "Vegetarian & Meat Free",
            "nodelevel": 3,
            "displayorder": 371,
            "parentnodeid": "1_626AB17"
          },
          "Min": null,
          "Max": null,
          "Applied": false,
          "Count": 2,
          "Statement": null,
          "DisplayCoachMarks": false
        },
        {
          "Name": "1_C9C304A",
          "Term": "1_C9C304A",
          "ExtraOutputFields": {
            "description": "Carrots & Root Vegetables",
            "nodelevel": 3,
            "displayorder": 563,
            "parentnodeid": "1_AC17EDD"
          },
          "Min": null,
          "Max": null,
          "Applied": false,
          "Count": 2,
          "Statement": null,
          "DisplayCoachMarks": false
        },
        {
          "Name": "1_E2D285C",
          "Term": "1_E2D285C",
          "ExtraOutputFields": {
            "description": "Chilled Middle Eastern",
            "nodelevel": 3,
            "displayorder": 506,
            "parentnodeid": "1_914C9DE"
          },
          "Min": null,
          "Max": null,
          "Applied": false,
          "Count": 2,
          "Statement": null,
          "DisplayCoachMarks": false
        },
        {
          "Name": "1_03F7B3C",
          "Term": "1_03F7B3C",
          "ExtraOutputFields": {
            "description": "Potatoes & Pumpkins",
            "nodelevel": 3,
            "displayorder": 562,
            "parentnodeid": "1_AC17EDD"
          },
          "Min": null,
          "Max": null,
          "Applied": false,
          "Count": 1,
          "Statement": null,
          "DisplayCoachMarks": false
        },
        {
          "Name": "1_1A0F35E",
          "Term": "1_1A0F35E",
          "ExtraOutputFields": {
            "description": "Prepacked Seafood",
            "nodelevel": 3,
            "displayorder": 722,
            "parentnodeid": "1_D610306"
          },
          "Min": null,
          "Max": null,
          "Applied": false,
          "Count": 1,
          "Statement": null,
          "DisplayCoachMarks": false
        },
        {
          "Name": "1_525587C",
          "Term": "1_525587C",
          "ExtraOutputFields": {
            "description": "Canned & Packet Ready Meals",
            "nodelevel": 3,
            "displayorder": 255,
            "parentnodeid": "1_23C59D3"
          },
          "Min": null,
          "Max": null,
          "Applied": false,
          "Count": 1,
          "Statement": null,
          "DisplayCoachMarks": false
        },
        {
          "Name": "1_6074BC8",
          "Term": "1_6074BC8",
          "ExtraOutputFields": {
            "description": "Gluten Free",
            "nodelevel": 3,
            "displayorder": 350,
            "parentnodeid": "1_6102D14"
          },
          "Min": null,
          "Max": null,
          "Applied": false,
          "Count": 1,
          "Statement": null,
          "DisplayCoachMarks": false
        },
        {
          "Name": "1_6B75CAD",
          "Term": "1_6B75CAD",
          "ExtraOutputFields": {
            "description": "Oven Ready Meat",
            "nodelevel": 3,
            "displayorder": 702,
            "parentnodeid": "1_CED9B86"
          },
          "Min": null,
          "Max": null,
          "Applied": false,
          "Count": 1,
          "Statement": null,
          "DisplayCoachMarks": false
        },
        {
          "Name": "1_CED9B86",
          "Term": "1_CED9B86",
          "ExtraOutputFields": {
            "description": "Meat",
            "nodelevel": 2,
            "displayorder": 122,
            "parentnodeid": "1_D5A2236"
          },
          "Min": null,
          "Max": null,
          "Applied": false,
          "Count": 1,
          "Statement": null,
          "DisplayCoachMarks": false
        },
        {
          "Name": "1_D610306",
          "Term": "1_D610306",
          "ExtraOutputFields": {
            "description": "Seafood",
            "nodelevel": 2,
            "displayorder": 123,
            "parentnodeid": "1_D5A2236"
          },
          "Min": null,
          "Max": null,
          "Applied": false,
          "Count": 1,
          "Statement": null,
          "DisplayCoachMarks": false
        },
        {
          "Name": "1_D6FEFAF",
          "Term": "1_D6FEFAF",
          "ExtraOutputFields": {
            "description": "Organic Dairy & Eggs",
            "nodelevel": 3,
            "displayorder": 619,
            "parentnodeid": "1_C2E7913"
          },
          "Min": null,
          "Max": null,
          "Applied": false,
          "Count": 1,
          "Statement": null,
          "DisplayCoachMarks": false
        }
      ],
      "ResultsGrouped": null,
      "State": "Closed",
      "Rank": 1,
      "AdditionalResults": false,
      "DesignType": "Default",
      "ShowFilter": false,
      "Statement": null,
      "DisplayCoachMarks": false
    }
  ],
  "HasRewardsCard": true,
  "HasTobaccoItems": false,
  "Success": true
}