{
  "SeoMetaTags": {
    "Title": "Meat, Seafood & Deli | Woolworths",
    "MetaDescription": "Shop online for Woolworths great range of Meat, Seafood & Deli. Delivered straight to your door or Pick up from your local store.",
    "Groups": []
  },
  "Bundles": [
    {
      "Products": [
        {
          "TileID": 0,
          "Stockcode": 376934,
          "Barcode": "9310677999127",
          "GtinFormat": 13,
          "CupPrice": 12,
          "InstoreCupPrice": 12,
          "CupMeasure": "1KG",
          "CupString": "$12.00 / 1KG",
          "InstoreCupString": "$12.00 / 1KG",
          "HasCupPrice": true,
          "InstoreHasCupPrice": true,
          "Price": 6,
          "InstorePrice": 6,
          "Name": "Mayers Marinated Bismarck Herrings",
          "UrlFriendlyName": "mayers-marinated-bismarck-herrings",
          "Description": " Mayers Marinated Bismarck<br>Herrings  500g",
          "SmallImageFile": "https://cdn0.woolworths.media/content/wowproductimages/small/376934.jpg",
          "MediumImageFile": "https://cdn0.woolworths.media/content/wowproductimages/medium/376934.jpg",
          "LargeImageFile": "https://cdn0.woolworths.media/content/wowproductimages/large/376934.jpg",
          "IsNew": false,
          "IsOnSpecial": false,
          "InstoreIsOnSpecial": false,
          "IsEdrSpecial": false,
          "SavingsAmount": 0,
          "InstoreSavingsAmount": 0,
          "WasPrice": 6,
          "InstoreWasPrice": 6,
          "QuantityInTrolley": 0,
          "Unit": "Each",
          "MinimumQuantity": 1,
          "HasBeenBoughtBefore": false,
          "IsInTrolley": false,
          "Source": "Aisle.MeatSeafoodDeli",
          "SupplyLimit": 36,
          "IsRanged": false,
          "IsInStock": true,
          "PackageSize": "500g",
          "IsPmDelivery": false,
          "IsForCollection": true,
          "IsForDelivery": true,
          "IsForExpress": false,
          "ProductRestrictionMessage": null,
          "ProductWarningMessage": null,
          "CentreTag": {
            "TagContent": null,
            "TagLink": null,
            "FallbackText": null,
            "TagType": "None",
            "MultibuyData": null
          },
          "IsCentreTag": false,
          "ImageTag": {
            "TagContent": null,
            "TagLink": null,
            "FallbackText": "",
            "TagType": "None",
            "MultibuyData": null
          },
          "HeaderTag": null,
          "HasHeaderTag": false,
          "UnitWeightInGrams": 500,
          "SupplyLimitMessage": "'Mayers Marinated Bismarck Herrings' has a supply limit of 36. The quantity in your cart has been reduced accordingly. To purchase a larger quantity, please contact us on 1800 000 610. Please note we do not supply trade orders.",
          "SmallFormatDescription": "Mayers Marinated Bismarck Herrings ",
          "FullDescription": "Mayers Marinated Bismarck Herrings ",
          "IsAvailable": true,
          "InstoreIsAvailable": true,
          "IsPurchasable": true,
          "InstoreIsPurchasable": true,
          "AgeRestricted": false,
          "DisplayQuantity": 1,
          "RichDescription": null,
          "IsDeliveryPass": false,
          "HideWasSavedPrice": false,
          "SapCategories": null,
          "Brand": "mayers",
          "IsRestrictedByDeliveryMethod": false,
          "FooterTag": {
            "TagContent": null,
            "TagLink": null,
            "FallbackText": null,
            "TagType": "None",
            "MultibuyData": null
          },
          "IsFooterEnabled": false,
          "Diagnostics": "720",
          "IsBundle": false,
          "IsInFamily": false,
          "ChildProducts": [],
          "UrlOverride": null,
          "AdditionalAttributes": {
            "sapdepartmentname": "FRESH CONVENIENCE",
            "sapdepartmentno": "10",
            "sapcategoryname": "DAIRY - ENTERTAINING",
            "sapcategoryno": "17",
            "sapsubcategoryname": "DAIRY - SEAFOOD",
            "sapsubcategoryno": "866",
            "sapsegmentname": "SEAFOOD OTHER",
            "sapsegmentno": "10",
            "specialsgroupid": null,
            "PiesProductDepartmentNodeId": "1_D5A2236",
            "PiesProductDepartmentsjson": "[{\"Id\":\"1_D5A2236\",\"Description\":\"Meat, Seafood & Deli\"}]",
            "piesdepartmentnamesjson": "[\"Meat, Seafood & Deli\"]",
            "piescategorynamesjson": "[\"Seafood\"]",
            "piessubcategorynamesjson": "[\"Prepacked Seafood\"]",
            "servingsize-total-nip": null,
            "servingsperpack-total-nip": null,
            "microwaveable": "False",
            "ovencook": "False",
            "vegetarian": "False",
            "freezable": "False",
            "containsnuts": "False",
            "containsgluten": "False",
            "description": null,
            "ingredients": null,
            "nutritionalinformation": null,
            "storageinstructions": null,
            "usageinstructions": null,
            "brand": "mayers",
            "manufacturer": null,
            "countryoforigin": null,
            "productheightmm": null,
            "productwidthmm": null,
            "productdepthmm": null,
            "wool_productpackaging": null,
            "recyclableinformation": null,
            "importantinformation": null,
            "allergencontains": null,
            "allergenmaybepresent": null,
            "allergystatement": null,
            "lifestyleanddietarystatement": null,
            "lifestyleclaim": null,
            "wool_dietaryclaim": null,
            "boxedcontents": null,
            "suitablefor": null,
            "fragrance": null,
            "colour": null,
            "antioxidant": "False",
            "addedvitaminsandminerals": "False",
            "bpafree": "False",
            "sulfatefree": "False",
            "parabenfree": "False",
            "claims": null,
            "alcoholfree": null,
            "anti-dandruff": null,
            "dermatologicallyapproved": null,
            "dermatologistrecommended": null,
            "dermatologisttested": null,
            "fragrance-free": null,
            "haircolour": null,
            "hairtype": null,
            "hypo-allergenic": null,
            "non-comedogenic": null,
            "oilfree": null,
            "ophthalmologistapproved": null,
            "ophthalmologisttested": null,
            "paba-free": null,
            "skincondition": null,
            "skintype": null,
            "soap-free": null,
            "spf": null,
            "sweatresistant": null,
            "timer": null,
            "waterresistant": null,
            "phbalanced": null,
            "antiseptic": "False",
            "antibacterial": "False",
            "activeconstituents": null,
            "contains": null,
            "microwavesafe": "False",
            "productimagecount": "1",
            "friendlydisclaimer": null,
            "productimages": "376934.jpg",
            "healthstarrating": "0",
            "tgawarnings": null,
            "vendorarticleid": null,
            "vendorcostprice": null,
            "tgawarning": null
          },
          "DetailsImagePaths": [
            "https://cdn0.woolworths.media/content/wowproductimages/large/376934.jpg"
          ],
          "Variety": null,
          "Rating": {
            "ReviewCount": 0,
            "RatingCount": 0,
            "RatingSum": 0,
            "OneStarCount": 0,
            "TwoStarCount": 0,
            "ThreeStarCount": 0,
            "FourStarCount": 0,
            "FiveStarCount": 0,
            "Average": 0,
            "OneStarPercentage": 0,
            "TwoStarPercentage": 0,
            "ThreeStarPercentage": 0,
            "FourStarPercentage": 0,
            "FiveStarPercentage": 0
          },
          "HasProductSubs": false,
          "IsSponsoredAd": false,
          "AdID": null,
          "AdIndex": null,
          "ThirdPartyProductInfo": null,
          "MarketFeatures": null,
          "MarketSpecifications": null
        }
      ],
      "Name": "Mayers Marinated Bismarck Herrings"
    },
    {
      "Products": [
        {
          "TileID": 0,
          "Stockcode": 432784,
          "Barcode": "9312726003052",
          "GtinFormat": 13,
          "CupPrice": 3.53,
          "InstoreCupPrice": 3.53,
          "CupMeasure": "100G",
          "CupString": "$3.53 / 100G",
          "InstoreCupString": "$3.53 / 100G",
          "HasCupPrice": true,
          "InstoreHasCupPrice": true,
          "Price": 6,
          "InstorePrice": 6,
          "Name": "Chris' Heritage Goat Cheese & Black Truffle Dip",
          "UrlFriendlyName": "chris-heritage-goat-cheese-black-truffle-dip",
          "Description": " Chris' Heritage Goat Cheese<br>& Black Truffle Dip 170g",
          "SmallImageFile": "https://cdn0.woolworths.media/content/wowproductimages/small/432784.jpg",
          "MediumImageFile": "https://cdn0.woolworths.media/content/wowproductimages/medium/432784.jpg",
          "LargeImageFile": "https://cdn0.woolworths.media/content/wowproductimages/large/432784.jpg",
          "IsNew": false,
          "IsOnSpecial": true,
          "InstoreIsOnSpecial": true,
          "IsEdrSpecial": false,
          "SavingsAmount": 2,
          "InstoreSavingsAmount": 2,
          "WasPrice": 8,
          "InstoreWasPrice": 8,
          "QuantityInTrolley": 0,
          "Unit": "Each",
          "MinimumQuantity": 1,
          "HasBeenBoughtBefore": false,
          "IsInTrolley": false,
          "Source": "Aisle.MeatSeafoodDeli",
          "SupplyLimit": 36,
          "IsRanged": false,
          "IsInStock": true,
          "PackageSize": "170g",
          "IsPmDelivery": true,
          "IsForCollection": true,
          "IsForDelivery": true,
          "IsForExpress": false,
          "ProductRestrictionMessage": null,
          "ProductWarningMessage": null,
          "CentreTag": {
            "TagContent": null,
            "TagLink": null,
            "FallbackText": null,
            "TagType": "None",
            "MultibuyData": null
          },
          "IsCentreTag": false,
          "ImageTag": {
            "TagContent": "/content/promotiontags/roundel-special-200x200.png",
            "TagLink": "",
            "FallbackText": "On Special",
            "TagType": "None",
            "MultibuyData": null
          },
          "HeaderTag": {
            "BackgroundColor": "#fd0",
            "BorderColor": "#fd0",
            "TextColor": "#000",
            "Content": "Save $2.00",
            "TagLink": null,
            "Promotion": "Special"
          },
          "HasHeaderTag": true,
          "UnitWeightInGrams": 242,
          "SupplyLimitMessage": "'Chris' Heritage Goat Cheese & Black Truffle Dip' has a supply limit of 36. The quantity in your cart has been reduced accordingly. To purchase a larger quantity, please contact us on 1800 000 610. Please note we do not supply trade orders.",
          "SmallFormatDescription": "Chris' Heritage Goat Cheese & Black Truffle Dip",
          "FullDescription": "Chris' Heritage Goat Cheese & Black Truffle Dip",
          "IsAvailable": true,
          "InstoreIsAvailable": true,
          "IsPurchasable": true,
          "InstoreIsPurchasable": true,
          "AgeRestricted": false,
          "DisplayQuantity": 1,
          "RichDescription": "Chris' Heritage Dips Terracotta is a delicate & creamy goat's cheese with black truffle pieces contains gluten free and good for vegetarian.",
          "IsDeliveryPass": false,
          "HideWasSavedPrice": false,
          "SapCategories": null,
          "Brand": "chris'",
          "IsRestrictedByDeliveryMethod": false,
          "FooterTag": {
            "TagContent": null,
            "TagLink": null,
            "FallbackText": null,
            "TagType": "None",
            "MultibuyData": null
          },
          "IsFooterEnabled": true,
          "Diagnostics": "721",
          "IsBundle": false,
          "IsInFamily": false,
          "ChildProducts": [],
          "UrlOverride": null,
          "AdditionalAttributes": {
            "sapdepartmentname": "FRESH CONVENIENCE",
            "sapdepartmentno": "10",
            "sapcategoryname": "DAIRY - ENTERTAINING",
            "sapcategoryno": "17",
            "sapsubcategoryname": "DAIRY - DIPS",
            "sapsubcategoryno": "865",
            "sapsegmentname": "DELI DIPS",
            "sapsegmentno": "31",
            "specialsgroupid": null,
            "PiesProductDepartmentNodeId": "1_6E4F4E4",
            "PiesProductDepartmentsjson": "[{\"Id\":\"1_6E4F4E4\",\"Description\":\"Dairy, Eggs & Fridge\"},{\"Id\":\"1_D5A2236\",\"Description\":\"Meat, Seafood & Deli\"}]",
            "piesdepartmentnamesjson": "[\"Dairy, Eggs & Fridge\",\"Meat, Seafood & Deli\"]",
            "piescategorynamesjson": "[\"Dips & Pate\",\"Deli Specialities\"]",
            "piessubcategorynamesjson": "[\"Dips\",\"Prepared Foods\",\"Dips & Pâté\"]",
            "servingsize-total-nip": null,
            "servingsperpack-total-nip": null,
            "microwaveable": "False",
            "ovencook": "False",
            "vegetarian": "False",
            "freezable": "False",
            "containsnuts": "False",
            "containsgluten": "False",
            "description": "Chris' Heritage Dips Terracotta is a delicate & creamy goat's cheese with black truffle pieces contains gluten free and good for vegetarian.",
            "ingredients": "Cream Cheese [Milk, Cream, Milk Solids Non-Fat, Salt, Vegetable Gum (410), Food Acid (270), Starter Culture], Goat's Cheese (21%) [Goat Milk, Salt, Non-Animal Rennet, Cultures], Yoghurt [Milk, Milk Solids, Skim Milk, Cream, Cultures], Cream [Cream, Mineral Salts (450, 500), Thickener (400)], Extra Virigin Olive Oil, Dextrose, Vegetable Gums (417, 415), Black Truffle (<1%), Preservatives (202, 211), Black Pepper, Food Acid (330), Enclosed Sachet Ingredient: Black Pepper",
            "nutritionalinformation": "{\"Name\":\"Nutritional Information\",\"Attributes\":[{\"Id\":705,\"Name\":\"Carbohydrate Quantity Per 100g - Total - NIP\",\"Value\":\"Approx.3.6g\",\"Description\":\"Carbohydrate Quantity Per 100g - Total - NIP\",\"SortOrder\":83},{\"Id\":706,\"Name\":\"Carbohydrate Quantity Per Serve - Total - NIP\",\"Value\":\"Approx.0.7g\",\"Description\":\"Carbohydrate Quantity Per Serve - Total - NIP\",\"SortOrder\":87},{\"Id\":759,\"Name\":\"Energy kJ Quantity Per 100g - Total - NIP\",\"Value\":\"Approx.1190kJ\",\"Description\":\"Energy kJ Quantity Per 100g - Total - NIP\",\"SortOrder\":239},{\"Id\":760,\"Name\":\"Energy kJ Quantity Per Serve - Total - NIP\",\"Value\":\"Approx.238kJ\",\"Description\":\"Energy kJ Quantity Per Serve - Total - NIP\",\"SortOrder\":243},{\"Id\":253,\"Name\":\"Fat Saturated Quantity Per 100g - Total - NIP\",\"Value\":\"Approx.16.1g\",\"Description\":\"Fat Saturated Quantity Per 100g - Total - NIP\",\"SortOrder\":251},{\"Id\":258,\"Name\":\"Fat Saturated Quantity Per Serve - Total - NIP\",\"Value\":\"Approx.3.2g\",\"Description\":\"Fat Saturated Quantity Per Serve - Total - NIP\",\"SortOrder\":255},{\"Id\":764,\"Name\":\"Fat Total Quantity Per 100g - Total - NIP\",\"Value\":\"Approx.26.6g\",\"Description\":\"Fat Total Quantity Per 100g - Total - NIP\",\"SortOrder\":263},{\"Id\":264,\"Name\":\"Fat Total Quantity Per Serve - Total - NIP\",\"Value\":\"Approx.5.3g\",\"Description\":\"Fat Total Quantity Per Serve - Total - NIP\",\"SortOrder\":267},{\"Id\":878,\"Name\":\"Protein Quantity Per 100g - Total - NIP\",\"Value\":\"Approx.7.7g\",\"Description\":\"Protein Quantity Per 100g - Total - NIP\",\"SortOrder\":587},{\"Id\":882,\"Name\":\"Protein Quantity Per Serve - Total - NIP\",\"Value\":\"Approx.1.5g\",\"Description\":\"Protein Quantity Per Serve - Total - NIP\",\"SortOrder\":591},{\"Id\":477,\"Name\":\"Serving Size - Total - NIP\",\"Value\":\"20g\",\"Description\":\"Serving Size - Total - NIP\",\"SortOrder\":607},{\"Id\":544,\"Name\":\"Servings Per Pack - Total - NIP\",\"Value\":\"8.5\",\"Description\":\"Servings Per Pack - Total - NIP\",\"SortOrder\":611},{\"Id\":491,\"Name\":\"Sodium Quantity Per 100g - Total - NIP\",\"Value\":\"Approx.328mg\",\"Description\":\"Sodium Quantity Per 100g - Total - NIP\",\"SortOrder\":623},{\"Id\":495,\"Name\":\"Sodium Quantity Per Serve - Total - NIP\",\"Value\":\"Approx.66mg\",\"Description\":\"Sodium Quantity Per Serve - Total - NIP\",\"SortOrder\":627},{\"Id\":907,\"Name\":\"Sugars Quantity Per 100g - Prefix - NIP\",\"Value\":\"Approx.\",\"Description\":\"Sugars Quantity Per 100g - Prefix - NIP\",\"SortOrder\":645},{\"Id\":908,\"Name\":\"Sugars Quantity Per 100g - SuffixUnits - NIP\",\"Value\":\"g\",\"Description\":\"Sugars Quantity Per 100g - SuffixUnits - NIP\",\"SortOrder\":646},{\"Id\":909,\"Name\":\"Sugars Quantity Per 100g - Total - NIP\",\"Value\":\"Approx.3.4g\",\"Description\":\"Sugars Quantity Per 100g - Total - NIP\",\"SortOrder\":647},{\"Id\":910,\"Name\":\"Sugars Quantity Per 100g - ValueWord - NIP\",\"Value\":\"3.4\",\"Description\":\"Sugars Quantity Per 100g - ValueWord - NIP\",\"SortOrder\":648},{\"Id\":504,\"Name\":\"Sugars Quantity Per Serve - Prefix - NIP\",\"Value\":\"Approx.\",\"Description\":\"Sugars Quantity Per Serve - Prefix - NIP\",\"SortOrder\":649},{\"Id\":911,\"Name\":\"Sugars Quantity Per Serve - SuffixUnits - NIP\",\"Value\":\"g\",\"Description\":\"Sugars Quantity Per Serve - SuffixUnits - NIP\",\"SortOrder\":650},{\"Id\":912,\"Name\":\"Sugars Quantity Per Serve - Total - NIP\",\"Value\":\"Approx.0.7g\",\"Description\":\"Sugars Quantity Per Serve - Total - NIP\",\"SortOrder\":651},{\"Id\":572,\"Name\":\"Sugars Quantity Per Serve - ValueWord - NIP\",\"Value\":\"0.7\",\"Description\":\"Sugars Quantity Per Serve - ValueWord - NIP\",\"SortOrder\":652}]}",
            "storageinstructions": "Keep Refrigerated",
            "usageinstructions": null,
            "brand": "chris'",
            "manufacturer": null,
            "countryoforigin": null,
            "productheightmm": null,
            "productwidthmm": null,
            "productdepthmm": null,
            "wool_productpackaging": null,
            "recyclableinformation": null,
            "importantinformation": null,
            "allergencontains": "Milk",
            "allergenmaybepresent": "Tree Nuts",
            "allergystatement": "Fish Free",
            "lifestyleanddietarystatement": "Low Sugar",
            "lifestyleclaim": "Free From Gluten",
            "wool_dietaryclaim": "Free From Gluten",
            "boxedcontents": null,
            "suitablefor": "Vegetarians",
            "fragrance": null,
            "colour": null,
            "antioxidant": "False",
            "addedvitaminsandminerals": "False",
            "bpafree": "False",
            "sulfatefree": "False",
            "parabenfree": "False",
            "claims": null,
            "alcoholfree": null,
            "anti-dandruff": null,
            "dermatologicallyapproved": null,
            "dermatologistrecommended": null,
            "dermatologisttested": null,
            "fragrance-free": null,
            "haircolour": null,
            "hairtype": null,
            "hypo-allergenic": null,
            "non-comedogenic": null,
            "oilfree": null,
            "ophthalmologistapproved": null,
            "ophthalmologisttested": null,
            "paba-free": null,
            "skincondition": null,
            "skintype": null,
            "soap-free": null,
            "spf": null,
            "sweatresistant": null,
            "timer": null,
            "waterresistant": null,
            "phbalanced": null,
            "antiseptic": "False",
            "antibacterial": "False",
            "activeconstituents": null,
            "contains": null,
            "microwavesafe": "False",
            "productimagecount": "4",
            "friendlydisclaimer": null,
            "productimages": "432784.jpg,432784_1.jpg,432784_5.jpg,432784_6.jpg",
            "healthstarrating": "0",
            "tgawarnings": null,
            "vendorarticleid": null,
            "vendorcostprice": null,
            "tgawarning": null
          },
          "DetailsImagePaths": [
            "https://cdn0.woolworths.media/content/wowproductimages/large/432784.jpg",
            "https://cdn0.woolworths.media/content/wowproductimages/large/432784_1.jpg",
            "https://cdn0.woolworths.media/content/wowproductimages/large/432784_5.jpg",
            "https://cdn0.woolworths.media/content/wowproductimages/large/432784_6.jpg"
          ],
          "Variety": "black truffle dip",
          "Rating": {
            "ReviewCount": 0,
            "RatingCount": 0,
            "RatingSum": 0,
            "OneStarCount": 0,
            "TwoStarCount": 0,
            "ThreeStarCount": 0,
            "FourStarCount": 0,
            "FiveStarCount": 0,
            "Average": 0,
            "OneStarPercentage": 0,
            "TwoStarPercentage": 0,
            "ThreeStarPercentage": 0,
            "FourStarPercentage": 0,
            "FiveStarPercentage": 0
          },
          "HasProductSubs": false,
          "IsSponsoredAd": false,
          "AdID": null,
          "AdIndex": null,
          "ThirdPartyProductInfo": null,
          "MarketFeatures": null,
          "MarketSpecifications": null
        }
      ],
      "Name": "Chris' Heritage Goat Cheese & Black Truffle Dip"
    },
    {
      "Products": [
        {
          "TileID": 0,
          "Stockcode": 434114,
          "Barcode": "9300767093880",
          "GtinFormat": 13,
          "CupPrice": 30,
          "InstoreCupPrice": 30,
          "CupMeasure": "1KG",
          "CupString": "$30.00 / 1KG",
          "InstoreCupString": "$30.00 / 1KG",
          "HasCupPrice": true,
          "InstoreHasCupPrice": true,
          "Price": 6,
          "InstorePrice": 6,
          "Name": "D'orsogna 100% Natural Premium Unsmoked Sliced Ham",
          "UrlFriendlyName": "d-orsogna-100-natural-premium-unsmoked-sliced-ham",
          "Description": " D'orsogna 100% Natural<br>Premium Unsmoked... 200g",
          "SmallImageFile": "https://cdn0.woolworths.media/content/wowproductimages/small/434114.jpg",
          "MediumImageFile": "https://cdn0.woolworths.media/content/wowproductimages/medium/434114.jpg",
          "LargeImageFile": "https://cdn0.woolworths.media/content/wowproductimages/large/434114.jpg",
          "IsNew": false,
          "IsOnSpecial": true,
          "InstoreIsOnSpecial": true,
          "IsEdrSpecial": false,
          "SavingsAmount": 1,
          "InstoreSavingsAmount": 1,
          "WasPrice": 7,
          "InstoreWasPrice": 7,
          "QuantityInTrolley": 0,
          "Unit": "Each",
          "MinimumQuantity": 1,
          "HasBeenBoughtBefore": false,
          "IsInTrolley": false,
          "Source": "Aisle.MeatSeafoodDeli",
          "SupplyLimit": 36,
          "IsRanged": false,
          "IsInStock": true,
          "PackageSize": "200g",
          "IsPmDelivery": true,
          "IsForCollection": true,
          "IsForDelivery": true,
          "IsForExpress": false,
          "ProductRestrictionMessage": null,
          "ProductWarningMessage": null,
          "CentreTag": {
            "TagContent": null,
            "TagLink": null,
            "FallbackText": null,
            "TagType": "None",
            "MultibuyData": null
          },
          "IsCentreTag": false,
          "ImageTag": {
            "TagContent": "/content/promotiontags/roundel-special-200x200.png",
            "TagLink": "",
            "FallbackText": "On Special",
            "TagType": "None",
            "MultibuyData": null
          },
          "HeaderTag": {
            "BackgroundColor": "#fd0",
            "BorderColor": "#fd0",
            "TextColor": "#000",
            "Content": "Save $1.00",
            "TagLink": null,
            "Promotion": "Special"
          },
          "HasHeaderTag": true,
          "UnitWeightInGrams": 218,
          "SupplyLimitMessage": "'D'orsogna 100% Natural Premium Unsmoked Sliced Ham' has a supply limit of 36. The quantity in your cart has been reduced accordingly. To purchase a larger quantity, please contact us on 1800 000 610. Please note we do not supply trade orders.",
          "SmallFormatDescription": "D'orsogna 100% Natural Premium Unsmoked Sliced Ham",
          "FullDescription": "D'orsogna 100% Natural Premium Unsmoked Sliced Ham",
          "IsAvailable": true,
          "InstoreIsAvailable": true,
          "IsPurchasable": true,
          "InstoreIsPurchasable": true,
          "AgeRestricted": false,
          "DisplayQuantity": 1,
          "RichDescription": "<p>100% Natural Ham - This means no artificial preservatives, no added nitrites, no artificial flavour or colour and is minimally processed.</p><p>No added Nitrites - This means no added nitrites, other than those occurring naturally in vegetables.</p>",
          "IsDeliveryPass": false,
          "HideWasSavedPrice": false,
          "SapCategories": null,
          "Brand": "d'orsogna",
          "IsRestrictedByDeliveryMethod": false,
          "FooterTag": {
            "TagContent": null,
            "TagLink": null,
            "FallbackText": null,
            "TagType": "None",
            "MultibuyData": null
          },
          "IsFooterEnabled": true,
          "Diagnostics": "722",
          "IsBundle": false,
          "IsInFamily": false,
          "ChildProducts": [],
          "UrlOverride": null,
          "AdditionalAttributes": {
            "sapdepartmentname": "FRESH CONVENIENCE",
            "sapdepartmentno": "10",
            "sapcategoryname": "DELI CONVENIENCE",
            "sapcategoryno": "2",
            "sapsubcategoryname": "DAIRY - SMALLGOODS",
            "sapsubcategoryno": "210",
            "sapsegmentname": "SHAVED/SLICED MEATS 151G +",
            "sapsegmentno": "12",
            "specialsgroupid": null,
            "PiesProductDepartmentNodeId": "1_D5A2236",
            "PiesProductDepartmentsjson": "[{\"Id\":\"1_D5A2236\",\"Description\":\"Meat, Seafood & Deli\"}]",
            "piesdepartmentnamesjson": "[\"Meat, Seafood & Deli\"]",
            "piescategorynamesjson": "[\"Deli Meats\",\"Lunch Box\"]",
            "piessubcategorynamesjson": "[\"Sliced Meats\",\"Sliced & Shaved Meat\"]",
            "servingsize-total-nip": null,
            "servingsperpack-total-nip": null,
            "microwaveable": "False",
            "ovencook": "False",
            "vegetarian": "False",
            "freezable": "False",
            "containsnuts": "False",
            "containsgluten": "False",
            "description": "<p>100% Natural Ham - This means no artificial preservatives, no added nitrites, no artificial flavour or colour and is minimally processed.</p><p>No added Nitrites - This means no added nitrites, other than those occurring naturally in vegetables.</p>",
            "ingredients": "Pork (90%), Water, Salt, Potato Starch, Cane Sugar, Vegetable Extract, Vegetable Fibre, Fruit Extract, Natural Flavourings.",
            "nutritionalinformation": "{\"Name\":\"Nutritional Information\",\"Attributes\":[{\"Id\":705,\"Name\":\"Carbohydrate Quantity Per 100g - Total - NIP\",\"Value\":\"1.8g\",\"Description\":\"Carbohydrate Quantity Per 100g - Total - NIP\",\"SortOrder\":83},{\"Id\":706,\"Name\":\"Carbohydrate Quantity Per Serve - Total - NIP\",\"Value\":\"0.5g\",\"Description\":\"Carbohydrate Quantity Per Serve - Total - NIP\",\"SortOrder\":87},{\"Id\":759,\"Name\":\"Energy kJ Quantity Per 100g - Total - NIP\",\"Value\":\"450kJ\",\"Description\":\"Energy kJ Quantity Per 100g - Total - NIP\",\"SortOrder\":239},{\"Id\":760,\"Name\":\"Energy kJ Quantity Per Serve - Total - NIP\",\"Value\":\"112kJ\",\"Description\":\"Energy kJ Quantity Per Serve - Total - NIP\",\"SortOrder\":243},{\"Id\":253,\"Name\":\"Fat Saturated Quantity Per 100g - Total - NIP\",\"Value\":\"<1.0g\",\"Description\":\"Fat Saturated Quantity Per 100g - Total - NIP\",\"SortOrder\":251},{\"Id\":258,\"Name\":\"Fat Saturated Quantity Per Serve - Total - NIP\",\"Value\":\"<1.0g\",\"Description\":\"Fat Saturated Quantity Per Serve - Total - NIP\",\"SortOrder\":255},{\"Id\":764,\"Name\":\"Fat Total Quantity Per 100g - Total - NIP\",\"Value\":\"2.8g\",\"Description\":\"Fat Total Quantity Per 100g - Total - NIP\",\"SortOrder\":263},{\"Id\":264,\"Name\":\"Fat Total Quantity Per Serve - Total - NIP\",\"Value\":\"0.7g\",\"Description\":\"Fat Total Quantity Per Serve - Total - NIP\",\"SortOrder\":267},{\"Id\":878,\"Name\":\"Protein Quantity Per 100g - Total - NIP\",\"Value\":\"18.6g\",\"Description\":\"Protein Quantity Per 100g - Total - NIP\",\"SortOrder\":587},{\"Id\":882,\"Name\":\"Protein Quantity Per Serve - Total - NIP\",\"Value\":\"4.6g\",\"Description\":\"Protein Quantity Per Serve - Total - NIP\",\"SortOrder\":591},{\"Id\":477,\"Name\":\"Serving Size - Total - NIP\",\"Value\":\"25g\",\"Description\":\"Serving Size - Total - NIP\",\"SortOrder\":607},{\"Id\":544,\"Name\":\"Servings Per Pack - Total - NIP\",\"Value\":\"8\",\"Description\":\"Servings Per Pack - Total - NIP\",\"SortOrder\":611},{\"Id\":491,\"Name\":\"Sodium Quantity Per 100g - Total - NIP\",\"Value\":\"850mg\",\"Description\":\"Sodium Quantity Per 100g - Total - NIP\",\"SortOrder\":623},{\"Id\":495,\"Name\":\"Sodium Quantity Per Serve - Total - NIP\",\"Value\":\"212.5g\",\"Description\":\"Sodium Quantity Per Serve - Total - NIP\",\"SortOrder\":627},{\"Id\":907,\"Name\":\"Sugars Quantity Per 100g - Prefix - NIP\",\"Value\":\"\",\"Description\":\"Sugars Quantity Per 100g - Prefix - NIP\",\"SortOrder\":645},{\"Id\":908,\"Name\":\"Sugars Quantity Per 100g - SuffixUnits - NIP\",\"Value\":\"g\",\"Description\":\"Sugars Quantity Per 100g - SuffixUnits - NIP\",\"SortOrder\":646},{\"Id\":909,\"Name\":\"Sugars Quantity Per 100g - Total - NIP\",\"Value\":\"1.8g\",\"Description\":\"Sugars Quantity Per 100g - Total - NIP\",\"SortOrder\":647},{\"Id\":910,\"Name\":\"Sugars Quantity Per 100g - ValueWord - NIP\",\"Value\":\"1.8\",\"Description\":\"Sugars Quantity Per 100g - ValueWord - NIP\",\"SortOrder\":648},{\"Id\":504,\"Name\":\"Sugars Quantity Per Serve - Prefix - NIP\",\"Value\":\"\",\"Description\":\"Sugars Quantity Per Serve - Prefix - NIP\",\"SortOrder\":649},{\"Id\":911,\"Name\":\"Sugars Quantity Per Serve - SuffixUnits - NIP\",\"Value\":\"g\",\"Description\":\"Sugars Quantity Per Serve - SuffixUnits - NIP\",\"SortOrder\":650},{\"Id\":912,\"Name\":\"Sugars Quantity Per Serve - Total - NIP\",\"Value\":\"0.5g\",\"Description\":\"Sugars Quantity Per Serve - Total - NIP\",\"SortOrder\":651},{\"Id\":572,\"Name\":\"Sugars Quantity Per Serve - ValueWord - NIP\",\"Value\":\"0.5\",\"Description\":\"Sugars Quantity Per Serve - ValueWord - NIP\",\"SortOrder\":652}]}",
            "storageinstructions": "Keep refrigerated below 5C.",
            "usageinstructions": null,
            "brand": "d'orsogna",
            "manufacturer": null,
            "countryoforigin": null,
            "productheightmm": null,
            "productwidthmm": null,
            "productdepthmm": null,
            "wool_productpackaging": null,
            "recyclableinformation": null,
            "importantinformation": null,
            "allergencontains": null,
            "allergenmaybepresent": null,
            "allergystatement": "No Artificial Preservatives",
            "lifestyleanddietarystatement": "Low Saturated Fat",
            "lifestyleclaim": null,
            "wool_dietaryclaim": "No Artificial Colours, No Artificial Flavours, No Preservatives, Low Fat",
            "boxedcontents": null,
            "suitablefor": null,
            "fragrance": null,
            "colour": null,
            "antioxidant": "False",
            "addedvitaminsandminerals": "False",
            "bpafree": "False",
            "sulfatefree": "False",
            "parabenfree": "False",
            "claims": null,
            "alcoholfree": null,
            "anti-dandruff": null,
            "dermatologicallyapproved": null,
            "dermatologistrecommended": null,
            "dermatologisttested": null,
            "fragrance-free": null,
            "haircolour": null,
            "hairtype": null,
            "hypo-allergenic": null,
            "non-comedogenic": null,
            "oilfree": null,
            "ophthalmologistapproved": null,
            "ophthalmologisttested": null,
            "paba-free": null,
            "skincondition": null,
            "skintype": null,
            "soap-free": null,
            "spf": null,
            "sweatresistant": null,
            "timer": null,
            "waterresistant": null,
            "phbalanced": null,
            "antiseptic": "False",
            "antibacterial": "False",
            "activeconstituents": null,
            "contains": null,
            "microwavesafe": "False",
            "productimagecount": "1",
            "friendlydisclaimer": null,
            "productimages": "434114.jpg",
            "healthstarrating": "0",
            "tgawarnings": null,
            "vendorarticleid": null,
            "vendorcostprice": null,
            "tgawarning": null
          },
          "DetailsImagePaths": [
            "https://cdn0.woolworths.media/content/wowproductimages/large/434114.jpg"
          ],
          "Variety": "unsmoked sliced ham",
          "Rating": {
            "ReviewCount": 0,
            "RatingCount": 0,
            "RatingSum": 0,
            "OneStarCount": 0,
            "TwoStarCount": 0,
            "ThreeStarCount": 0,
            "FourStarCount": 0,
            "FiveStarCount": 0,
            "Average": 0,
            "OneStarPercentage": 0,
            "TwoStarPercentage": 0,
            "ThreeStarPercentage": 0,
            "FourStarPercentage": 0,
            "FiveStarPercentage": 0
          },
          "HasProductSubs": false,
          "IsSponsoredAd": false,
          "AdID": null,
          "AdIndex": null,
          "ThirdPartyProductInfo": null,
          "MarketFeatures": null,
          "MarketSpecifications": null
        }
      ],
      "Name": "D'orsogna 100% Natural Premium Unsmoked Sliced Ham"
    },
    {
      "Products": [
        {
          "TileID": 0,
          "Stockcode": 516107,
          "Barcode": "9349571000202",
          "GtinFormat": 13,
          "CupPrice": 4,
          "InstoreCupPrice": 4,
          "CupMeasure": "100G",
          "CupString": "$4.00 / 100G",
          "InstoreCupString": "$4.00 / 100G",
          "HasCupPrice": true,
          "InstoreHasCupPrice": true,
          "Price": 6,
          "InstorePrice": 6,
          "Name": "Ob Finest Cracker Cranberry Pumpkin",
          "UrlFriendlyName": "ob-finest-cracker-cranberry-pumpkin",
          "Description": " Ob Finest Cracker Cranberry<br>Pumpkin 150g",
          "SmallImageFile": "https://cdn0.woolworths.media/content/wowproductimages/small/516107.jpg",
          "MediumImageFile": "https://cdn0.woolworths.media/content/wowproductimages/medium/516107.jpg",
          "LargeImageFile": "https://cdn0.woolworths.media/content/wowproductimages/large/516107.jpg",
          "IsNew": false,
          "IsOnSpecial": false,
          "InstoreIsOnSpecial": false,
          "IsEdrSpecial": false,
          "SavingsAmount": 0,
          "InstoreSavingsAmount": 0,
          "WasPrice": 6,
          "InstoreWasPrice": 6,
          "QuantityInTrolley": 0,
          "Unit": "Each",
          "MinimumQuantity": 1,
          "HasBeenBoughtBefore": false,
          "IsInTrolley": false,
          "Source": "Aisle.MeatSeafoodDeli",
          "SupplyLimit": 36,
          "IsRanged": false,
          "IsInStock": true,
          "PackageSize": "150g",
          "IsPmDelivery": true,
          "IsForCollection": true,
          "IsForDelivery": true,
          "IsForExpress": false,
          "ProductRestrictionMessage": null,
          "ProductWarningMessage": null,
          "CentreTag": {
            "TagContent": "<span style=\"COLOR: #e2001a\"> Was $6.49 21/03/2017</span>",
            "TagLink": null,
            "FallbackText": null,
            "TagType": "Html",
            "MultibuyData": null
          },
          "IsCentreTag": true,
          "ImageTag": {
            "TagContent": null,
            "TagLink": null,
            "FallbackText": "",
            "TagType": "None",
            "MultibuyData": null
          },
          "HeaderTag": {
            "BackgroundColor": "#fff",
            "BorderColor": "#c20016",
            "TextColor": "#c20016",
            "Content": "<span class=\"u-semibold\">Prices dropped</span>",
            "TagLink": null,
            "Promotion": "PriceDropped"
          },
          "HasHeaderTag": true,
          "UnitWeightInGrams": 180,
          "SupplyLimitMessage": "'Ob Finest Cracker Cranberry Pumpkin' has a supply limit of 36. The quantity in your cart has been reduced accordingly. To purchase a larger quantity, please contact us on 1800 000 610. Please note we do not supply trade orders.",
          "SmallFormatDescription": "Ob Finest Cracker Cranberry Pumpkin",
          "FullDescription": "Ob Finest Cracker Cranberry Pumpkin",
          "IsAvailable": true,
          "InstoreIsAvailable": true,
          "IsPurchasable": true,
          "InstoreIsPurchasable": true,
          "AgeRestricted": false,
          "DisplayQuantity": 1,
          "RichDescription": "<p>As enthusiastic foodies, we are delighted to share with you some of our favourite recipes.</p><p>Ob finest Speciality Crackers are crafted in small batches by our artisan bakers to enhance flavour and deliver a consistent crisp texture.</p><p>Our Goji Berry & Coconut infusion not only makes for an appetising and convenient snack, but they wonderfully compliment an array of cheese, dips and other condiments.</p><p>Be inspired to entertain with Ob finest.</p>",
          "IsDeliveryPass": false,
          "HideWasSavedPrice": false,
          "SapCategories": null,
          "Brand": "ob finest",
          "IsRestrictedByDeliveryMethod": false,
          "FooterTag": {
            "TagContent": "<div class=\"productTag-pricedropped\" style=\"\r\nheight:46px;\r\nposition:absolute;\r\ntop:-4px;\r\nleft:0;\r\nwidth:100%;\r\nbackground:white;\r\noutline: 1px solid #c20016;\r\ntext-align:center;\">\r\n\r\n<img src=\"https://cdn0.woolworths.media/content/content/pricedropped-footer-transparent.png\" width=\"204px\" height=\"16px\" alt=\"Price Dropped\" style=\"display:inline-block;margin-top:15px;max-width: 100%;\">\r\n</div>",
            "TagLink": null,
            "FallbackText": null,
            "TagType": "Html",
            "MultibuyData": null
          },
          "IsFooterEnabled": true,
          "Diagnostics": "723",
          "IsBundle": false,
          "IsInFamily": false,
          "ChildProducts": [],
          "UrlOverride": null,
          "AdditionalAttributes": {
            "sapdepartmentname": "FRESH CONVENIENCE",
            "sapdepartmentno": "10",
            "sapcategoryname": "DELI CONVENIENCE",
            "sapcategoryno": "2",
            "sapsubcategoryname": "SPECIALITY DELI",
            "sapsubcategoryno": "279",
            "sapsegmentname": "CRACKERS",
            "sapsegmentno": "3",
            "specialsgroupid": null,
            "PiesProductDepartmentNodeId": "1_D5A2236",
            "PiesProductDepartmentsjson": "[{\"Id\":\"1_D5A2236\",\"Description\":\"Meat, Seafood & Deli\"}]",
            "piesdepartmentnamesjson": "[\"Meat, Seafood & Deli\"]",
            "piescategorynamesjson": "[\"Deli Specialities\"]",
            "piessubcategorynamesjson": "[\"Dips & Pâté\"]",
            "servingsize-total-nip": null,
            "servingsperpack-total-nip": null,
            "microwaveable": "False",
            "ovencook": "False",
            "vegetarian": "False",
            "freezable": "False",
            "containsnuts": "False",
            "containsgluten": "False",
            "description": "<p>As enthusiastic foodies, we are delighted to share with you some of our favourite recipes.</p><p>Ob finest Speciality Crackers are crafted in small batches by our artisan bakers to enhance flavour and deliver a consistent crisp texture.</p><p>Our Goji Berry & Coconut infusion not only makes for an appetising and convenient snack, but they wonderfully compliment an array of cheese, dips and other condiments.</p><p>Be inspired to entertain with Ob finest.</p>",
            "ingredients": "Wheat Flour, Flaxseed, Dried Cranberries (9.9%), Pumpkin Seeds (9.9%), Raw Sugar, Greek Yoghurt [Whole Milk, Cream, Live Cultures], Honey, Raising Agent (500), Salt. ",
            "nutritionalinformation": "{\"Name\":\"Nutritional Information\",\"Attributes\":[{\"Id\":705,\"Name\":\"Carbohydrate Quantity Per 100g - Total - NIP\",\"Value\":\"56.3g\",\"Description\":\"Carbohydrate Quantity Per 100g - Total - NIP\",\"SortOrder\":83},{\"Id\":706,\"Name\":\"Carbohydrate Quantity Per Serve - Total - NIP\",\"Value\":\"8.4g\",\"Description\":\"Carbohydrate Quantity Per Serve - Total - NIP\",\"SortOrder\":87},{\"Id\":759,\"Name\":\"Energy kJ Quantity Per 100g - Total - NIP\",\"Value\":\"1780kJ\",\"Description\":\"Energy kJ Quantity Per 100g - Total - NIP\",\"SortOrder\":239},{\"Id\":760,\"Name\":\"Energy kJ Quantity Per Serve - Total - NIP\",\"Value\":\"267kJ\",\"Description\":\"Energy kJ Quantity Per Serve - Total - NIP\",\"SortOrder\":243},{\"Id\":253,\"Name\":\"Fat Saturated Quantity Per 100g - Total - NIP\",\"Value\":\"2.6g\",\"Description\":\"Fat Saturated Quantity Per 100g - Total - NIP\",\"SortOrder\":251},{\"Id\":258,\"Name\":\"Fat Saturated Quantity Per Serve - Total - NIP\",\"Value\":\"0.4g\",\"Description\":\"Fat Saturated Quantity Per Serve - Total - NIP\",\"SortOrder\":255},{\"Id\":764,\"Name\":\"Fat Total Quantity Per 100g - Total - NIP\",\"Value\":\"14.7g\",\"Description\":\"Fat Total Quantity Per 100g - Total - NIP\",\"SortOrder\":263},{\"Id\":264,\"Name\":\"Fat Total Quantity Per Serve - Total - NIP\",\"Value\":\"2.2g\",\"Description\":\"Fat Total Quantity Per Serve - Total - NIP\",\"SortOrder\":267},{\"Id\":878,\"Name\":\"Protein Quantity Per 100g - Total - NIP\",\"Value\":\"13.1g\",\"Description\":\"Protein Quantity Per 100g - Total - NIP\",\"SortOrder\":587},{\"Id\":882,\"Name\":\"Protein Quantity Per Serve - Total - NIP\",\"Value\":\"2.0g\",\"Description\":\"Protein Quantity Per Serve - Total - NIP\",\"SortOrder\":591},{\"Id\":477,\"Name\":\"Serving Size - Total - NIP\",\"Value\":\"15g (about 3.5 crackers)\",\"Description\":\"Serving Size - Total - NIP\",\"SortOrder\":607},{\"Id\":544,\"Name\":\"Servings Per Pack - Total - NIP\",\"Value\":\"10\",\"Description\":\"Servings Per Pack - Total - NIP\",\"SortOrder\":611},{\"Id\":491,\"Name\":\"Sodium Quantity Per 100g - Total - NIP\",\"Value\":\"711mg\",\"Description\":\"Sodium Quantity Per 100g - Total - NIP\",\"SortOrder\":623},{\"Id\":495,\"Name\":\"Sodium Quantity Per Serve - Total - NIP\",\"Value\":\"107mg\",\"Description\":\"Sodium Quantity Per Serve - Total - NIP\",\"SortOrder\":627},{\"Id\":907,\"Name\":\"Sugars Quantity Per 100g - Prefix - NIP\",\"Value\":\"\",\"Description\":\"Sugars Quantity Per 100g - Prefix - NIP\",\"SortOrder\":645},{\"Id\":908,\"Name\":\"Sugars Quantity Per 100g - SuffixUnits - NIP\",\"Value\":\"g\",\"Description\":\"Sugars Quantity Per 100g - SuffixUnits - NIP\",\"SortOrder\":646},{\"Id\":909,\"Name\":\"Sugars Quantity Per 100g - Total - NIP\",\"Value\":\"23.2g\",\"Description\":\"Sugars Quantity Per 100g - Total - NIP\",\"SortOrder\":647},{\"Id\":910,\"Name\":\"Sugars Quantity Per 100g - ValueWord - NIP\",\"Value\":\"23.2\",\"Description\":\"Sugars Quantity Per 100g - ValueWord - NIP\",\"SortOrder\":648},{\"Id\":504,\"Name\":\"Sugars Quantity Per Serve - Prefix - NIP\",\"Value\":\"\",\"Description\":\"Sugars Quantity Per Serve - Prefix - NIP\",\"SortOrder\":649},{\"Id\":911,\"Name\":\"Sugars Quantity Per Serve - SuffixUnits - NIP\",\"Value\":\"g\",\"Description\":\"Sugars Quantity Per Serve - SuffixUnits - NIP\",\"SortOrder\":650},{\"Id\":912,\"Name\":\"Sugars Quantity Per Serve - Total - NIP\",\"Value\":\"3.5g\",\"Description\":\"Sugars Quantity Per Serve - Total - NIP\",\"SortOrder\":651},{\"Id\":572,\"Name\":\"Sugars Quantity Per Serve - ValueWord - NIP\",\"Value\":\"3.5\",\"Description\":\"Sugars Quantity Per Serve - ValueWord - NIP\",\"SortOrder\":652}]}",
            "storageinstructions": "Keep in a cool dry place.",
            "usageinstructions": null,
            "brand": "ob finest",
            "manufacturer": null,
            "countryoforigin": null,
            "productheightmm": null,
            "productwidthmm": null,
            "productdepthmm": null,
            "wool_productpackaging": null,
            "recyclableinformation": null,
            "importantinformation": null,
            "allergencontains": null,
            "allergenmaybepresent": null,
            "allergystatement": "Fish Free",
            "lifestyleanddietarystatement": "Vegetarian",
            "lifestyleclaim": null,
            "wool_dietaryclaim": null,
            "boxedcontents": null,
            "suitablefor": null,
            "fragrance": null,
            "colour": null,
            "antioxidant": "False",
            "addedvitaminsandminerals": "False",
            "bpafree": "False",
            "sulfatefree": "False",
            "parabenfree": "False",
            "claims": null,
            "alcoholfree": null,
            "anti-dandruff": null,
            "dermatologicallyapproved": null,
            "dermatologistrecommended": null,
            "dermatologisttested": null,
            "fragrance-free": null,
            "haircolour": null,
            "hairtype": null,
            "hypo-allergenic": null,
            "non-comedogenic": null,
            "oilfree": null,
            "ophthalmologistapproved": null,
            "ophthalmologisttested": null,
            "paba-free": null,
            "skincondition": null,
            "skintype": null,
            "soap-free": null,
            "spf": null,
            "sweatresistant": null,
            "timer": null,
            "waterresistant": null,
            "phbalanced": null,
            "antiseptic": "False",
            "antibacterial": "False",
            "activeconstituents": null,
            "contains": null,
            "microwavesafe": "False",
            "productimagecount": "1",
            "friendlydisclaimer": null,
            "productimages": "516107.jpg",
            "healthstarrating": "0",
            "tgawarnings": null,
            "vendorarticleid": null,
            "vendorcostprice": null,
            "tgawarning": null
          },
          "DetailsImagePaths": [
            "https://cdn0.woolworths.media/content/wowproductimages/large/516107.jpg"
          ],
          "Variety": "cranberry pumpkin",
          "Rating": {
            "ReviewCount": 0,
            "RatingCount": 0,
            "RatingSum": 0,
            "OneStarCount": 0,
            "TwoStarCount": 0,
            "ThreeStarCount": 0,
            "FourStarCount": 0,
            "FiveStarCount": 0,
            "Average": 0,
            "OneStarPercentage": 0,
            "TwoStarPercentage": 0,
            "ThreeStarPercentage": 0,
            "FourStarPercentage": 0,
            "FiveStarPercentage": 0
          },
          "HasProductSubs": false,
          "IsSponsoredAd": false,
          "AdID": null,
          "AdIndex": null,
          "ThirdPartyProductInfo": null,
          "MarketFeatures": null,
          "MarketSpecifications": null
        }
      ],
      "Name": "Ob Finest Cracker Cranberry Pumpkin"
    },
    {
      "Products": [
        {
          "TileID": 0,
          "Stockcode": 516108,
          "Barcode": "9349571000226",
          "GtinFormat": 13,
          "CupPrice": 4,
          "InstoreCupPrice": 4,
          "CupMeasure": "100G",
          "CupString": "$4.00 / 100G",
          "InstoreCupString": "$4.00 / 100G",
          "HasCupPrice": true,
          "InstoreHasCupPrice": true,
          "Price": 6,
          "InstorePrice": 6,
          "Name": "Ob Finest Cracker Cashew Rosemary",
          "UrlFriendlyName": "ob-finest-cracker-cashew-rosemary",
          "Description": " Ob Finest Cracker Cashew<br>Rosemary 150g",
          "SmallImageFile": "https://cdn0.woolworths.media/content/wowproductimages/small/516108.jpg",
          "MediumImageFile": "https://cdn0.woolworths.media/content/wowproductimages/medium/516108.jpg",
          "LargeImageFile": "https://cdn0.woolworths.media/content/wowproductimages/large/516108.jpg",
          "IsNew": false,
          "IsOnSpecial": false,
          "InstoreIsOnSpecial": false,
          "IsEdrSpecial": false,
          "SavingsAmount": 0,
          "InstoreSavingsAmount": 0,
          "WasPrice": 6,
          "InstoreWasPrice": 6,
          "QuantityInTrolley": 0,
          "Unit": "Each",
          "MinimumQuantity": 1,
          "HasBeenBoughtBefore": false,
          "IsInTrolley": false,
          "Source": "Aisle.MeatSeafoodDeli",
          "SupplyLimit": 36,
          "IsRanged": false,
          "IsInStock": true,
          "PackageSize": "150g",
          "IsPmDelivery": true,
          "IsForCollection": true,
          "IsForDelivery": true,
          "IsForExpress": false,
          "ProductRestrictionMessage": null,
          "ProductWarningMessage": null,
          "CentreTag": {
            "TagContent": "<span style=\"COLOR: #e2001a\"> Was $6.49 21/03/2017</span>",
            "TagLink": null,
            "FallbackText": null,
            "TagType": "Html",
            "MultibuyData": null
          },
          "IsCentreTag": true,
          "ImageTag": {
            "TagContent": null,
            "TagLink": null,
            "FallbackText": "",
            "TagType": "None",
            "MultibuyData": null
          },
          "HeaderTag": {
            "BackgroundColor": "#fff",
            "BorderColor": "#c20016",
            "TextColor": "#c20016",
            "Content": "<span class=\"u-semibold\">Prices dropped</span>",
            "TagLink": null,
            "Promotion": "PriceDropped"
          },
          "HasHeaderTag": true,
          "UnitWeightInGrams": 180,
          "SupplyLimitMessage": "'Ob Finest Cracker Cashew Rosemary' has a supply limit of 36. The quantity in your cart has been reduced accordingly. To purchase a larger quantity, please contact us on 1800 000 610. Please note we do not supply trade orders.",
          "SmallFormatDescription": "Ob Finest Cracker Cashew Rosemary",
          "FullDescription": "Ob Finest Cracker Cashew Rosemary",
          "IsAvailable": true,
          "InstoreIsAvailable": true,
          "IsPurchasable": true,
          "InstoreIsPurchasable": true,
          "AgeRestricted": false,
          "DisplayQuantity": 1,
          "RichDescription": "<p>Ob finest Specialty Crackers Cashew & Rosemary 150g <br/> As enthusiastic foodies, we are delighted to share with you some of our favourite recipes. Ob finest Specialty Crackers are crafted in small batches by our artisan bakers to enhance flavour and deliver a consistent crisp texture. Our Cashew & Rosemary infusion not only makes for an appetizing and convenient snack, but they wonderfully complement an array of cheeses, dips and other condiments. Be inspired to entertain with Ob finest.</p>",
          "IsDeliveryPass": false,
          "HideWasSavedPrice": false,
          "SapCategories": null,
          "Brand": "ob finest",
          "IsRestrictedByDeliveryMethod": false,
          "FooterTag": {
            "TagContent": "<div class=\"productTag-pricedropped\" style=\"\r\nheight:46px;\r\nposition:absolute;\r\ntop:-4px;\r\nleft:0;\r\nwidth:100%;\r\nbackground:white;\r\noutline: 1px solid #c20016;\r\ntext-align:center;\">\r\n\r\n<img src=\"https://cdn0.woolworths.media/content/content/pricedropped-footer-transparent.png\" width=\"204px\" height=\"16px\" alt=\"Price Dropped\" style=\"display:inline-block;margin-top:15px;max-width: 100%;\">\r\n</div>",
            "TagLink": null,
            "FallbackText": null,
            "TagType": "Html",
            "MultibuyData": null
          },
          "IsFooterEnabled": true,
          "Diagnostics": "724",
          "IsBundle": false,
          "IsInFamily": false,
          "ChildProducts": [],
          "UrlOverride": null,
          "AdditionalAttributes": {
            "sapdepartmentname": "FRESH CONVENIENCE",
            "sapdepartmentno": "10",
            "sapcategoryname": "DELI CONVENIENCE",
            "sapcategoryno": "2",
            "sapsubcategoryname": "SPECIALITY DELI",
            "sapsubcategoryno": "279",
            "sapsegmentname": "CRACKERS",
            "sapsegmentno": "3",
            "specialsgroupid": null,
            "PiesProductDepartmentNodeId": "1_D5A2236",
            "PiesProductDepartmentsjson": "[{\"Id\":\"1_D5A2236\",\"Description\":\"Meat, Seafood & Deli\"}]",
            "piesdepartmentnamesjson": "[\"Meat, Seafood & Deli\"]",
            "piescategorynamesjson": "[\"Deli Specialities\"]",
            "piessubcategorynamesjson": "[\"Dips & Pâté\"]",
            "servingsize-total-nip": null,
            "servingsperpack-total-nip": null,
            "microwaveable": "False",
            "ovencook": "False",
            "vegetarian": "False",
            "freezable": "False",
            "containsnuts": "False",
            "containsgluten": "False",
            "description": "<p>Ob finest Specialty Crackers Cashew & Rosemary 150g <br/> As enthusiastic foodies, we are delighted to share with you some of our favourite recipes. Ob finest Specialty Crackers are crafted in small batches by our artisan bakers to enhance flavour and deliver a consistent crisp texture. Our Cashew & Rosemary infusion not only makes for an appetizing and convenient snack, but they wonderfully complement an array of cheeses, dips and other condiments. Be inspired to entertain with Ob finest.</p>",
            "ingredients": "Wheat Flour, Raw Sugar, Greek Yoghurt [Whole Milk, Cream, Live Cultures], Honey, Cashews (8.9%), Sesame Seeds, Raising Agent (500), Dried Rosemary (0.8%), Salt, Dried Parsley, Garlic Granules, Onion Flakes.",
            "nutritionalinformation": "{\"Name\":\"Nutritional Information\",\"Attributes\":[{\"Id\":705,\"Name\":\"Carbohydrate Quantity Per 100g - Total - NIP\",\"Value\":\"60.6g\",\"Description\":\"Carbohydrate Quantity Per 100g - Total - NIP\",\"SortOrder\":83},{\"Id\":706,\"Name\":\"Carbohydrate Quantity Per Serve - Total - NIP\",\"Value\":\"9.1g\",\"Description\":\"Carbohydrate Quantity Per Serve - Total - NIP\",\"SortOrder\":87},{\"Id\":759,\"Name\":\"Energy kJ Quantity Per 100g - Total - NIP\",\"Value\":\"1810kJ\",\"Description\":\"Energy kJ Quantity Per 100g - Total - NIP\",\"SortOrder\":239},{\"Id\":760,\"Name\":\"Energy kJ Quantity Per Serve - Total - NIP\",\"Value\":\"272kJ\",\"Description\":\"Energy kJ Quantity Per Serve - Total - NIP\",\"SortOrder\":243},{\"Id\":253,\"Name\":\"Fat Saturated Quantity Per 100g - Total - NIP\",\"Value\":\"2.5g\",\"Description\":\"Fat Saturated Quantity Per 100g - Total - NIP\",\"SortOrder\":251},{\"Id\":258,\"Name\":\"Fat Saturated Quantity Per Serve - Total - NIP\",\"Value\":\"0.4g\",\"Description\":\"Fat Saturated Quantity Per Serve - Total - NIP\",\"SortOrder\":255},{\"Id\":764,\"Name\":\"Fat Total Quantity Per 100g - Total - NIP\",\"Value\":\"13.5g\",\"Description\":\"Fat Total Quantity Per 100g - Total - NIP\",\"SortOrder\":263},{\"Id\":264,\"Name\":\"Fat Total Quantity Per Serve - Total - NIP\",\"Value\":\"2.0g\",\"Description\":\"Fat Total Quantity Per Serve - Total - NIP\",\"SortOrder\":267},{\"Id\":878,\"Name\":\"Protein Quantity Per 100g - Total - NIP\",\"Value\":\"12.9g\",\"Description\":\"Protein Quantity Per 100g - Total - NIP\",\"SortOrder\":587},{\"Id\":882,\"Name\":\"Protein Quantity Per Serve - Total - NIP\",\"Value\":\"1.9g\",\"Description\":\"Protein Quantity Per Serve - Total - NIP\",\"SortOrder\":591},{\"Id\":477,\"Name\":\"Serving Size - Total - NIP\",\"Value\":\"15g (about 3.5 crackers)\",\"Description\":\"Serving Size - Total - NIP\",\"SortOrder\":607},{\"Id\":544,\"Name\":\"Servings Per Pack - Total - NIP\",\"Value\":\"10\",\"Description\":\"Servings Per Pack - Total - NIP\",\"SortOrder\":611},{\"Id\":491,\"Name\":\"Sodium Quantity Per 100g - Total - NIP\",\"Value\":\"720mg\",\"Description\":\"Sodium Quantity Per 100g - Total - NIP\",\"SortOrder\":623},{\"Id\":495,\"Name\":\"Sodium Quantity Per Serve - Total - NIP\",\"Value\":\"108mg\",\"Description\":\"Sodium Quantity Per Serve - Total - NIP\",\"SortOrder\":627},{\"Id\":907,\"Name\":\"Sugars Quantity Per 100g - Prefix - NIP\",\"Value\":\"\",\"Description\":\"Sugars Quantity Per 100g - Prefix - NIP\",\"SortOrder\":645},{\"Id\":908,\"Name\":\"Sugars Quantity Per 100g - SuffixUnits - NIP\",\"Value\":\"g\",\"Description\":\"Sugars Quantity Per 100g - SuffixUnits - NIP\",\"SortOrder\":646},{\"Id\":909,\"Name\":\"Sugars Quantity Per 100g - Total - NIP\",\"Value\":\"23.7g\",\"Description\":\"Sugars Quantity Per 100g - Total - NIP\",\"SortOrder\":647},{\"Id\":910,\"Name\":\"Sugars Quantity Per 100g - ValueWord - NIP\",\"Value\":\"23.7\",\"Description\":\"Sugars Quantity Per 100g - ValueWord - NIP\",\"SortOrder\":648},{\"Id\":504,\"Name\":\"Sugars Quantity Per Serve - Prefix - NIP\",\"Value\":\"\",\"Description\":\"Sugars Quantity Per Serve - Prefix - NIP\",\"SortOrder\":649},{\"Id\":911,\"Name\":\"Sugars Quantity Per Serve - SuffixUnits - NIP\",\"Value\":\"g\",\"Description\":\"Sugars Quantity Per Serve - SuffixUnits - NIP\",\"SortOrder\":650},{\"Id\":912,\"Name\":\"Sugars Quantity Per Serve - Total - NIP\",\"Value\":\"2.8g\",\"Description\":\"Sugars Quantity Per Serve - Total - NIP\",\"SortOrder\":651},{\"Id\":572,\"Name\":\"Sugars Quantity Per Serve - ValueWord - NIP\",\"Value\":\"2.8\",\"Description\":\"Sugars Quantity Per Serve - ValueWord - NIP\",\"SortOrder\":652}]}",
            "storageinstructions": "Keep in a cool dry place.",
            "usageinstructions": null,
            "brand": "ob finest",
            "manufacturer": null,
            "countryoforigin": null,
            "productheightmm": null,
            "productwidthmm": null,
            "productdepthmm": null,
            "wool_productpackaging": null,
            "recyclableinformation": null,
            "importantinformation": null,
            "allergencontains": "Cashews, Gluten, Milk, Nuts, Sesame, Sesame Seeds, Tree Nuts, Wheat",
            "allergenmaybepresent": null,
            "allergystatement": "Fish Free",
            "lifestyleanddietarystatement": "Vegetarian",
            "lifestyleclaim": null,
            "wool_dietaryclaim": null,
            "boxedcontents": null,
            "suitablefor": null,
            "fragrance": null,
            "colour": null,
            "antioxidant": "False",
            "addedvitaminsandminerals": "False",
            "bpafree": "False",
            "sulfatefree": "False",
            "parabenfree": "False",
            "claims": null,
            "alcoholfree": null,
            "anti-dandruff": null,
            "dermatologicallyapproved": null,
            "dermatologistrecommended": null,
            "dermatologisttested": null,
            "fragrance-free": null,
            "haircolour": null,
            "hairtype": null,
            "hypo-allergenic": null,
            "non-comedogenic": null,
            "oilfree": null,
            "ophthalmologistapproved": null,
            "ophthalmologisttested": null,
            "paba-free": null,
            "skincondition": null,
            "skintype": null,
            "soap-free": null,
            "spf": null,
            "sweatresistant": null,
            "timer": null,
            "waterresistant": null,
            "phbalanced": null,
            "antiseptic": "False",
            "antibacterial": "False",
            "activeconstituents": null,
            "contains": null,
            "microwavesafe": "False",
            "productimagecount": "1",
            "friendlydisclaimer": null,
            "productimages": "516108.jpg",
            "healthstarrating": "0",
            "tgawarnings": null,
            "vendorarticleid": null,
            "vendorcostprice": null,
            "tgawarning": null
          },
          "DetailsImagePaths": [
            "https://cdn0.woolworths.media/content/wowproductimages/large/516108.jpg"
          ],
          "Variety": "cashew rosemary",
          "Rating": {
            "ReviewCount": 0,
            "RatingCount": 0,
            "RatingSum": 0,
            "OneStarCount": 0,
            "TwoStarCount": 0,
            "ThreeStarCount": 0,
            "FourStarCount": 0,
            "FiveStarCount": 0,
            "Average": 0,
            "OneStarPercentage": 0,
            "TwoStarPercentage": 0,
            "ThreeStarPercentage": 0,
            "FourStarPercentage": 0,
            "FiveStarPercentage": 0
          },
          "HasProductSubs": false,
          "IsSponsoredAd": false,
          "AdID": null,
          "AdIndex": null,
          "ThirdPartyProductInfo": null,
          "MarketFeatures": null,
          "MarketSpecifications": null
        }
      ],
      "Name": "Ob Finest Cracker Cashew Rosemary"
    },
    {
      "Products": [
        {
          "TileID": 0,
          "Stockcode": 552564,
          "Barcode": "9414897059750",
          "GtinFormat": 13,
          "CupPrice": 16,
          "InstoreCupPrice": 16,
          "CupMeasure": "1KG",
          "CupString": "$16.00 / 1KG",
          "InstoreCupString": "$16.00 / 1KG",
          "HasCupPrice": true,
          "InstoreHasCupPrice": true,
          "Price": 6,
          "InstorePrice": 6,
          "Name": "Talley's Chilled Mussels Lime & Coriander",
          "UrlFriendlyName": "talley-s-chilled-mussels-lime-coriander",
          "Description": " Talley's Chilled Mussels<br>Lime & Coriander 375g",
          "SmallImageFile": "https://cdn0.woolworths.media/content/wowproductimages/small/552564.jpg",
          "MediumImageFile": "https://cdn0.woolworths.media/content/wowproductimages/medium/552564.jpg",
          "LargeImageFile": "https://cdn0.woolworths.media/content/wowproductimages/large/552564.jpg",
          "IsNew": false,
          "IsOnSpecial": true,
          "InstoreIsOnSpecial": true,
          "IsEdrSpecial": false,
          "SavingsAmount": 1.75,
          "InstoreSavingsAmount": 1.75,
          "WasPrice": 7.75,
          "InstoreWasPrice": 7.75,
          "QuantityInTrolley": 0,
          "Unit": "Each",
          "MinimumQuantity": 1,
          "HasBeenBoughtBefore": false,
          "IsInTrolley": false,
          "Source": "Aisle.MeatSeafoodDeli",
          "SupplyLimit": 36,
          "IsRanged": false,
          "IsInStock": true,
          "PackageSize": "375g",
          "IsPmDelivery": true,
          "IsForCollection": true,
          "IsForDelivery": true,
          "IsForExpress": false,
          "ProductRestrictionMessage": null,
          "ProductWarningMessage": null,
          "CentreTag": {
            "TagContent": null,
            "TagLink": null,
            "FallbackText": null,
            "TagType": "None",
            "MultibuyData": null
          },
          "IsCentreTag": false,
          "ImageTag": {
            "TagContent": "/content/promotiontags/online-only-special-green-roundel.png",
            "TagLink": "",
            "FallbackText": "Online Only Offer",
            "TagType": "None",
            "MultibuyData": null
          },
          "HeaderTag": {
            "BackgroundColor": "#fd0",
            "BorderColor": "#fd0",
            "TextColor": "#000",
            "Content": "Save $1.75",
            "TagLink": null,
            "Promotion": "Special"
          },
          "HasHeaderTag": true,
          "UnitWeightInGrams": 400,
          "SupplyLimitMessage": "'Talley's Chilled Mussels Lime & Coriander' has a supply limit of 36. The quantity in your cart has been reduced accordingly. To purchase a larger quantity, please contact us on 1800 000 610. Please note we do not supply trade orders.",
          "SmallFormatDescription": "Talley's Chilled Mussels Lime & Coriander",
          "FullDescription": "Talley's Chilled Mussels Lime & Coriander",
          "IsAvailable": true,
          "InstoreIsAvailable": true,
          "IsPurchasable": true,
          "InstoreIsPurchasable": true,
          "AgeRestricted": false,
          "DisplayQuantity": 1,
          "RichDescription": "Talley's New Zealand Greenshell Mussels Lime & Coriander is cooked shelled & marinated ready to eat. Taste of Summer.",
          "IsDeliveryPass": false,
          "HideWasSavedPrice": false,
          "SapCategories": null,
          "Brand": "talley's",
          "IsRestrictedByDeliveryMethod": false,
          "FooterTag": {
            "TagContent": null,
            "TagLink": null,
            "FallbackText": null,
            "TagType": "None",
            "MultibuyData": null
          },
          "IsFooterEnabled": true,
          "Diagnostics": "725",
          "IsBundle": false,
          "IsInFamily": false,
          "ChildProducts": [],
          "UrlOverride": null,
          "AdditionalAttributes": {
            "sapdepartmentname": "FRESH CONVENIENCE",
            "sapdepartmentno": "10",
            "sapcategoryname": "SEAFOOD CONVENIENCE",
            "sapcategoryno": "9",
            "sapsubcategoryname": "CHILLED SEAFOOD",
            "sapsubcategoryno": "410",
            "sapsegmentname": "MOLLUSCS/CRUSTACEANS",
            "sapsegmentno": "3",
            "specialsgroupid": null,
            "PiesProductDepartmentNodeId": "1_D5A2236",
            "PiesProductDepartmentsjson": "[{\"Id\":\"1_D5A2236\",\"Description\":\"Meat, Seafood & Deli\"}]",
            "piesdepartmentnamesjson": "[\"Meat, Seafood & Deli\"]",
            "piescategorynamesjson": "[\"Seafood\"]",
            "piessubcategorynamesjson": "[\"Prepacked Seafood\"]",
            "servingsize-total-nip": null,
            "servingsperpack-total-nip": null,
            "microwaveable": "False",
            "ovencook": "False",
            "vegetarian": "False",
            "freezable": "False",
            "containsnuts": "False",
            "containsgluten": "False",
            "description": "Talley's New Zealand Greenshell Mussels Lime & Coriander is cooked shelled & marinated ready to eat. Taste of Summer.",
            "ingredients": "Cooked Green Shell Mussels Water Sugar Acidity Regulator (E260) Salt Natural Spice Extract",
            "nutritionalinformation": "{\"Name\":\"Nutritional Information\",\"Attributes\":[{\"Id\":705,\"Name\":\"Carbohydrate Quantity Per 100g - Total - NIP\",\"Value\":\"Approx. 11.4g\",\"Description\":\"Carbohydrate Quantity Per 100g - Total - NIP\",\"SortOrder\":83},{\"Id\":706,\"Name\":\"Carbohydrate Quantity Per Serve - Total - NIP\",\"Value\":\"Approx. 11.4g\",\"Description\":\"Carbohydrate Quantity Per Serve - Total - NIP\",\"SortOrder\":87},{\"Id\":759,\"Name\":\"Energy kJ Quantity Per 100g - Total - NIP\",\"Value\":\"Approx. 590kJ\",\"Description\":\"Energy kJ Quantity Per 100g - Total - NIP\",\"SortOrder\":239},{\"Id\":760,\"Name\":\"Energy kJ Quantity Per Serve - Total - NIP\",\"Value\":\"Approx. 590.0kJ\",\"Description\":\"Energy kJ Quantity Per Serve - Total - NIP\",\"SortOrder\":243},{\"Id\":253,\"Name\":\"Fat Saturated Quantity Per 100g - Total - NIP\",\"Value\":\"0.7g\",\"Description\":\"Fat Saturated Quantity Per 100g - Total - NIP\",\"SortOrder\":251},{\"Id\":258,\"Name\":\"Fat Saturated Quantity Per Serve - Total - NIP\",\"Value\":\"0.7g\",\"Description\":\"Fat Saturated Quantity Per Serve - Total - NIP\",\"SortOrder\":255},{\"Id\":764,\"Name\":\"Fat Total Quantity Per 100g - Total - NIP\",\"Value\":\"Approx. 2.8g\",\"Description\":\"Fat Total Quantity Per 100g - Total - NIP\",\"SortOrder\":263},{\"Id\":264,\"Name\":\"Fat Total Quantity Per Serve - Total - NIP\",\"Value\":\"Approx. 2.8g\",\"Description\":\"Fat Total Quantity Per Serve - Total - NIP\",\"SortOrder\":267},{\"Id\":878,\"Name\":\"Protein Quantity Per 100g - Total - NIP\",\"Value\":\"17.2g\",\"Description\":\"Protein Quantity Per 100g - Total - NIP\",\"SortOrder\":587},{\"Id\":882,\"Name\":\"Protein Quantity Per Serve - Total - NIP\",\"Value\":\"16.2g\",\"Description\":\"Protein Quantity Per Serve - Total - NIP\",\"SortOrder\":591},{\"Id\":477,\"Name\":\"Serving Size - Total - NIP\",\"Value\":\"100g\",\"Description\":\"Serving Size - Total - NIP\",\"SortOrder\":607},{\"Id\":544,\"Name\":\"Servings Per Pack - Total - NIP\",\"Value\":\"3.75\",\"Description\":\"Servings Per Pack - Total - NIP\",\"SortOrder\":611},{\"Id\":491,\"Name\":\"Sodium Quantity Per 100g - Total - NIP\",\"Value\":\"450mg\",\"Description\":\"Sodium Quantity Per 100g - Total - NIP\",\"SortOrder\":623},{\"Id\":495,\"Name\":\"Sodium Quantity Per Serve - Total - NIP\",\"Value\":\"423mg\",\"Description\":\"Sodium Quantity Per Serve - Total - NIP\",\"SortOrder\":627},{\"Id\":907,\"Name\":\"Sugars Quantity Per 100g - Prefix - NIP\",\"Value\":\"\",\"Description\":\"Sugars Quantity Per 100g - Prefix - NIP\",\"SortOrder\":645},{\"Id\":908,\"Name\":\"Sugars Quantity Per 100g - SuffixUnits - NIP\",\"Value\":\"g\",\"Description\":\"Sugars Quantity Per 100g - SuffixUnits - NIP\",\"SortOrder\":646},{\"Id\":909,\"Name\":\"Sugars Quantity Per 100g - Total - NIP\",\"Value\":\"6.8g\",\"Description\":\"Sugars Quantity Per 100g - Total - NIP\",\"SortOrder\":647},{\"Id\":910,\"Name\":\"Sugars Quantity Per 100g - ValueWord - NIP\",\"Value\":\"6.8\",\"Description\":\"Sugars Quantity Per 100g - ValueWord - NIP\",\"SortOrder\":648},{\"Id\":504,\"Name\":\"Sugars Quantity Per Serve - Prefix - NIP\",\"Value\":\"\",\"Description\":\"Sugars Quantity Per Serve - Prefix - NIP\",\"SortOrder\":649},{\"Id\":911,\"Name\":\"Sugars Quantity Per Serve - SuffixUnits - NIP\",\"Value\":\"g\",\"Description\":\"Sugars Quantity Per Serve - SuffixUnits - NIP\",\"SortOrder\":650},{\"Id\":912,\"Name\":\"Sugars Quantity Per Serve - Total - NIP\",\"Value\":\"6.4g\",\"Description\":\"Sugars Quantity Per Serve - Total - NIP\",\"SortOrder\":651},{\"Id\":572,\"Name\":\"Sugars Quantity Per Serve - ValueWord - NIP\",\"Value\":\"6.4\",\"Description\":\"Sugars Quantity Per Serve - ValueWord - NIP\",\"SortOrder\":652}]}",
            "storageinstructions": "Keep refrigerated (0-4°C).",
            "usageinstructions": null,
            "brand": "talley's",
            "manufacturer": null,
            "countryoforigin": null,
            "productheightmm": null,
            "productwidthmm": null,
            "productdepthmm": null,
            "wool_productpackaging": null,
            "recyclableinformation": null,
            "importantinformation": null,
            "allergencontains": "Fish, Crustacean",
            "allergenmaybepresent": null,
            "allergystatement": "Dairy Free",
            "lifestyleanddietarystatement": "Source of Iron",
            "lifestyleclaim": null,
            "wool_dietaryclaim": null,
            "boxedcontents": null,
            "suitablefor": null,
            "fragrance": null,
            "colour": null,
            "antioxidant": "False",
            "addedvitaminsandminerals": "False",
            "bpafree": "False",
            "sulfatefree": "False",
            "parabenfree": "False",
            "claims": null,
            "alcoholfree": null,
            "anti-dandruff": null,
            "dermatologicallyapproved": null,
            "dermatologistrecommended": null,
            "dermatologisttested": null,
            "fragrance-free": null,
            "haircolour": null,
            "hairtype": null,
            "hypo-allergenic": null,
            "non-comedogenic": null,
            "oilfree": null,
            "ophthalmologistapproved": null,
            "ophthalmologisttested": null,
            "paba-free": null,
            "skincondition": null,
            "skintype": null,
            "soap-free": null,
            "spf": null,
            "sweatresistant": null,
            "timer": null,
            "waterresistant": null,
            "phbalanced": null,
            "antiseptic": "False",
            "antibacterial": "False",
            "activeconstituents": null,
            "contains": null,
            "microwavesafe": "False",
            "productimagecount": "2",
            "friendlydisclaimer": null,
            "productimages": "552564.jpg,552564_1.jpg",
            "healthstarrating": "0",
            "tgawarnings": null,
            "vendorarticleid": null,
            "vendorcostprice": null,
            "tgawarning": null
          },
          "DetailsImagePaths": [
            "https://cdn0.woolworths.media/content/wowproductimages/large/552564.jpg",
            "https://cdn0.woolworths.media/content/wowproductimages/large/552564_1.jpg"
          ],
          "Variety": "coriander",
          "Rating": {
            "ReviewCount": 0,
            "RatingCount": 0,
            "RatingSum": 0,
            "OneStarCount": 0,
            "TwoStarCount": 0,
            "ThreeStarCount": 0,
            "FourStarCount": 0,
            "FiveStarCount": 0,
            "Average": 0,
            "OneStarPercentage": 0,
            "TwoStarPercentage": 0,
            "ThreeStarPercentage": 0,
            "FourStarPercentage": 0,
            "FiveStarPercentage": 0
          },
          "HasProductSubs": false,
          "IsSponsoredAd": false,
          "AdID": null,
          "AdIndex": null,
          "ThirdPartyProductInfo": null,
          "MarketFeatures": null,
          "MarketSpecifications": null
        }
      ],
      "Name": "Talley's Chilled Mussels Lime & Coriander"
    },
    {
      "Products": [
        {
          "TileID": 0,
          "Stockcode": 582608,
          "Barcode": "9300633637101",
          "GtinFormat": 13,
          "CupPrice": 12,
          "InstoreCupPrice": 12,
          "CupMeasure": "1KG",
          "CupString": "$12.00 / 1KG",
          "InstoreCupString": "$12.00 / 1KG",
          "HasCupPrice": true,
          "InstoreHasCupPrice": true,
          "Price": 6,
          "InstorePrice": 6,
          "Name": "Woolworths Lean Pork Mince",
          "UrlFriendlyName": "woolworths-lean-pork-mince",
          "Description": " Woolworths Lean Pork Mince 500G",
          "SmallImageFile": "https://cdn0.woolworths.media/content/wowproductimages/small/582608.jpg",
          "MediumImageFile": "https://cdn0.woolworths.media/content/wowproductimages/medium/582608.jpg",
          "LargeImageFile": "https://cdn0.woolworths.media/content/wowproductimages/large/582608.jpg",
          "IsNew": false,
          "IsOnSpecial": false,
          "InstoreIsOnSpecial": false,
          "IsEdrSpecial": false,
          "SavingsAmount": 0,
          "InstoreSavingsAmount": 0,
          "WasPrice": 6,
          "InstoreWasPrice": 6,
          "QuantityInTrolley": 0,
          "Unit": "Each",
          "MinimumQuantity": 1,
          "HasBeenBoughtBefore": false,
          "IsInTrolley": false,
          "Source": "Aisle.MeatSeafoodDeli",
          "SupplyLimit": 36,
          "IsRanged": false,
          "IsInStock": true,
          "PackageSize": "500G",
          "IsPmDelivery": true,
          "IsForCollection": true,
          "IsForDelivery": true,
          "IsForExpress": false,
          "ProductRestrictionMessage": null,
          "ProductWarningMessage": null,
          "CentreTag": {
            "TagContent": null,
            "TagLink": null,
            "FallbackText": null,
            "TagType": "None",
            "MultibuyData": null
          },
          "IsCentreTag": false,
          "ImageTag": {
            "TagContent": null,
            "TagLink": null,
            "FallbackText": "",
            "TagType": "None",
            "MultibuyData": null
          },
          "HeaderTag": null,
          "HasHeaderTag": false,
          "UnitWeightInGrams": 510,
          "SupplyLimitMessage": "'Woolworths Lean Pork Mince' has a supply limit of 36. The quantity in your cart has been reduced accordingly. To purchase a larger quantity, please contact us on 1800 000 610. Please note we do not supply trade orders.",
          "SmallFormatDescription": "Woolworths Lean Pork Mince",
          "FullDescription": "Woolworths Lean Pork Mince",
          "IsAvailable": true,
          "InstoreIsAvailable": true,
          "IsPurchasable": true,
          "InstoreIsPurchasable": true,
          "AgeRestricted": false,
          "DisplayQuantity": 1,
          "RichDescription": "100% Australian Lean Pork Mince. Typically 90% meat and 10% fat with nothing else added.",
          "IsDeliveryPass": false,
          "HideWasSavedPrice": false,
          "SapCategories": null,
          "Brand": "Woolworths",
          "IsRestrictedByDeliveryMethod": false,
          "FooterTag": {
            "TagContent": null,
            "TagLink": null,
            "FallbackText": null,
            "TagType": "None",
            "MultibuyData": null
          },
          "IsFooterEnabled": true,
          "Diagnostics": "726",
          "IsBundle": false,
          "IsInFamily": false,
          "ChildProducts": [],
          "UrlOverride": null,
          "AdditionalAttributes": {
            "sapdepartmentname": "FRESH CONVENIENCE",
            "sapdepartmentno": "10",
            "sapcategoryname": "MEAT CONVENIENCE",
            "sapcategoryno": "1",
            "sapsubcategoryname": "PORK CASE READY",
            "sapsubcategoryno": "286",
            "sapsegmentname": "MINCE",
            "sapsegmentno": "4",
            "specialsgroupid": null,
            "PiesProductDepartmentNodeId": "1_D5A2236",
            "PiesProductDepartmentsjson": "[{\"Id\":\"1_D5A2236\",\"Description\":\"Meat, Seafood & Deli\"}]",
            "piesdepartmentnamesjson": "[\"Meat, Seafood & Deli\"]",
            "piescategorynamesjson": "[\"Meat\"]",
            "piessubcategorynamesjson": "[\"Mince\"]",
            "servingsize-total-nip": null,
            "servingsperpack-total-nip": null,
            "microwaveable": "False",
            "ovencook": "False",
            "vegetarian": "False",
            "freezable": "False",
            "containsnuts": "False",
            "containsgluten": "False",
            "description": "100% Australian Lean Pork Mince. Typically 90% meat and 10% fat with nothing else added.",
            "ingredients": null,
            "nutritionalinformation": "{\"Name\":\"Nutritional Information\",\"Attributes\":[{\"Id\":759,\"Name\":\"Energy kJ Quantity Per 100g - Total - NIP\",\"Value\":\"724kJ\",\"Description\":\"Energy kJ Quantity Per 100g - Total - NIP\",\"SortOrder\":239},{\"Id\":253,\"Name\":\"Fat Saturated Quantity Per 100g - Total - NIP\",\"Value\":\"4g\",\"Description\":\"Fat Saturated Quantity Per 100g - Total - NIP\",\"SortOrder\":251},{\"Id\":764,\"Name\":\"Fat Total Quantity Per 100g - Total - NIP\",\"Value\":\"10.6g\",\"Description\":\"Fat Total Quantity Per 100g - Total - NIP\",\"SortOrder\":263},{\"Id\":878,\"Name\":\"Protein Quantity Per 100g - Total - NIP\",\"Value\":\"19.5g\",\"Description\":\"Protein Quantity Per 100g - Total - NIP\",\"SortOrder\":587},{\"Id\":491,\"Name\":\"Sodium Quantity Per 100g - Total - NIP\",\"Value\":\"58mg\",\"Description\":\"Sodium Quantity Per 100g - Total - NIP\",\"SortOrder\":623}]}",
            "storageinstructions": null,
            "usageinstructions": null,
            "brand": "woolworths",
            "manufacturer": null,
            "countryoforigin": null,
            "productheightmm": null,
            "productwidthmm": null,
            "productdepthmm": null,
            "wool_productpackaging": null,
            "recyclableinformation": null,
            "importantinformation": null,
            "allergencontains": null,
            "allergenmaybepresent": null,
            "allergystatement": null,
            "lifestyleanddietarystatement": "Low Salt",
            "lifestyleclaim": null,
            "wool_dietaryclaim": null,
            "boxedcontents": null,
            "suitablefor": null,
            "fragrance": null,
            "colour": null,
            "antioxidant": "False",
            "addedvitaminsandminerals": "False",
            "bpafree": "False",
            "sulfatefree": "False",
            "parabenfree": "False",
            "claims": null,
            "alcoholfree": null,
            "anti-dandruff": null,
            "dermatologicallyapproved": null,
            "dermatologistrecommended": null,
            "dermatologisttested": null,
            "fragrance-free": null,
            "haircolour": null,
            "hairtype": null,
            "hypo-allergenic": null,
            "non-comedogenic": null,
            "oilfree": null,
            "ophthalmologistapproved": null,
            "ophthalmologisttested": null,
            "paba-free": null,
            "skincondition": null,
            "skintype": null,
            "soap-free": null,
            "spf": null,
            "sweatresistant": null,
            "timer": null,
            "waterresistant": null,
            "phbalanced": null,
            "antiseptic": "False",
            "antibacterial": "False",
            "activeconstituents": null,
            "contains": null,
            "microwavesafe": "False",
            "productimagecount": "1",
            "friendlydisclaimer": null,
            "productimages": "582608.jpg",
            "healthstarrating": "0",
            "tgawarnings": null,
            "vendorarticleid": null,
            "vendorcostprice": null,
            "tgawarning": null,
            "PiesProductB2bDepartmentNodeId": "14_526BCF5",
            "PiesProductB2bDepartmentsjson": "[{\"Id\":\"14_526BCF5\",\"Description\":\"Fresh\"}]",
            "piesb2bdepartmentnamesjson": "[\"Fresh\"]",
            "piesb2bcategorynamesjson": "[\"Meat\"]",
            "piesb2bsubcategorynamesjson": "[\"Mince\"]"
          },
          "DetailsImagePaths": [
            "https://cdn0.woolworths.media/content/wowproductimages/large/582608.jpg"
          ],
          "Variety": "MINCE",
          "Rating": null,
          "HasProductSubs": false,
          "IsSponsoredAd": false,
          "AdID": null,
          "AdIndex": null,
          "ThirdPartyProductInfo": null,
          "MarketFeatures": null,
          "MarketSpecifications": null
        }
      ],
      "Name": "Woolworths Lean Pork Mince"
    },
    {
      "Products": [
        {
          "TileID": 0,
          "Stockcode": 626516,
          "Barcode": "9349571000257",
          "GtinFormat": 13,
          "CupPrice": 4,
          "InstoreCupPrice": 4,
          "CupMeasure": "100G",
          "CupString": "$4.00 / 100G",
          "InstoreCupString": "$4.00 / 100G",
          "HasCupPrice": true,
          "InstoreHasCupPrice": true,
          "Price": 6,
          "InstorePrice": 6,
          "Name": "Ob Finest Apricot & Macadamia Specialty Cracker",
          "UrlFriendlyName": "ob-finest-apricot-macadamia-specialty-cracker",
          "Description": " Ob Finest Apricot &<br>Macadamia Specialty... 150g",
          "SmallImageFile": "https://cdn0.woolworths.media/content/wowproductimages/small/626516.jpg",
          "MediumImageFile": "https://cdn0.woolworths.media/content/wowproductimages/medium/626516.jpg",
          "LargeImageFile": "https://cdn0.woolworths.media/content/wowproductimages/large/626516.jpg",
          "IsNew": false,
          "IsOnSpecial": false,
          "InstoreIsOnSpecial": false,
          "IsEdrSpecial": false,
          "SavingsAmount": 0,
          "InstoreSavingsAmount": 0,
          "WasPrice": 6,
          "InstoreWasPrice": 6,
          "QuantityInTrolley": 0,
          "Unit": "Each",
          "MinimumQuantity": 1,
          "HasBeenBoughtBefore": false,
          "IsInTrolley": false,
          "Source": "Aisle.MeatSeafoodDeli",
          "SupplyLimit": 36,
          "IsRanged": false,
          "IsInStock": true,
          "PackageSize": "150g",
          "IsPmDelivery": true,
          "IsForCollection": true,
          "IsForDelivery": true,
          "IsForExpress": false,
          "ProductRestrictionMessage": null,
          "ProductWarningMessage": null,
          "CentreTag": {
            "TagContent": "<span style=\"COLOR: #e2001a\"> Was $6.49 21/03/2017</span>",
            "TagLink": null,
            "FallbackText": null,
            "TagType": "Html",
            "MultibuyData": null
          },
          "IsCentreTag": true,
          "ImageTag": {
            "TagContent": null,
            "TagLink": null,
            "FallbackText": "",
            "TagType": "None",
            "MultibuyData": null
          },
          "HeaderTag": {
            "BackgroundColor": "#fff",
            "BorderColor": "#c20016",
            "TextColor": "#c20016",
            "Content": "<span class=\"u-semibold\">Prices dropped</span>",
            "TagLink": null,
            "Promotion": "PriceDropped"
          },
          "HasHeaderTag": true,
          "UnitWeightInGrams": 180,
          "SupplyLimitMessage": "'Ob Finest Apricot & Macadamia Specialty Cracker' has a supply limit of 36. The quantity in your cart has been reduced accordingly. To purchase a larger quantity, please contact us on 1800 000 610. Please note we do not supply trade orders.",
          "SmallFormatDescription": "Ob Finest Apricot & Macadamia Specialty Cracker",
          "FullDescription": "Ob Finest Apricot & Macadamia Specialty Cracker",
          "IsAvailable": true,
          "InstoreIsAvailable": true,
          "IsPurchasable": true,
          "InstoreIsPurchasable": true,
          "AgeRestricted": false,
          "DisplayQuantity": 1,
          "RichDescription": "<p>As enthusiastic foodies, we are delighted to share with you some of our favourite recipes.</p><p>Ob finest Specialty Crackers are crafted in small batches by our artisan bakers to enhance flavour and deliver a consistent crisp texture.</p><p>Our Apricot & Macadamia infusion not only makes for an appetising and convenient snack, but they wonderfully compliment an array of cheese, dips and other condiments.</p><p>Be inspired to entertain with Ob finest.</p>",
          "IsDeliveryPass": false,
          "HideWasSavedPrice": false,
          "SapCategories": null,
          "Brand": "ob finest",
          "IsRestrictedByDeliveryMethod": false,
          "FooterTag": {
            "TagContent": "<div class=\"productTag-pricedropped\" style=\"\r\nheight:46px;\r\nposition:absolute;\r\ntop:-4px;\r\nleft:0;\r\nwidth:100%;\r\nbackground:white;\r\noutline: 1px solid #c20016;\r\ntext-align:center;\">\r\n\r\n<img src=\"https://cdn0.woolworths.media/content/content/pricedropped-footer-transparent.png\" width=\"204px\" height=\"16px\" alt=\"Price Dropped\" style=\"display:inline-block;margin-top:15px;max-width: 100%;\">\r\n</div>",
            "TagLink": null,
            "FallbackText": null,
            "TagType": "Html",
            "MultibuyData": null
          },
          "IsFooterEnabled": true,
          "Diagnostics": "727",
          "IsBundle": false,
          "IsInFamily": false,
          "ChildProducts": [],
          "UrlOverride": null,
          "AdditionalAttributes": {
            "sapdepartmentname": "FRESH CONVENIENCE",
            "sapdepartmentno": "10",
            "sapcategoryname": "DELI CONVENIENCE",
            "sapcategoryno": "2",
            "sapsubcategoryname": "SPECIALITY DELI",
            "sapsubcategoryno": "279",
            "sapsegmentname": "CRACKERS",
            "sapsegmentno": "3",
            "specialsgroupid": null,
            "PiesProductDepartmentNodeId": "1_D5A2236",
            "PiesProductDepartmentsjson": "[{\"Id\":\"1_D5A2236\",\"Description\":\"Meat, Seafood & Deli\"}]",
            "piesdepartmentnamesjson": "[\"Meat, Seafood & Deli\"]",
            "piescategorynamesjson": "[\"Deli Specialities\"]",
            "piessubcategorynamesjson": "[\"Dips & Pâté\"]",
            "servingsize-total-nip": null,
            "servingsperpack-total-nip": null,
            "microwaveable": "False",
            "ovencook": "False",
            "vegetarian": "False",
            "freezable": "False",
            "containsnuts": "False",
            "containsgluten": "False",
            "description": "<p>As enthusiastic foodies, we are delighted to share with you some of our favourite recipes.</p><p>Ob finest Specialty Crackers are crafted in small batches by our artisan bakers to enhance flavour and deliver a consistent crisp texture.</p><p>Our Apricot & Macadamia infusion not only makes for an appetising and convenient snack, but they wonderfully compliment an array of cheese, dips and other condiments.</p><p>Be inspired to entertain with Ob finest.</p>",
            "ingredients": "Wheat Flour, Flaxseed, Dried Apricots (10.4%) (Apricot, Rice Flour, Preservatives 220), Raw Sugar, Greek Yoghurt [Whole Milk, Cream, Live Cultures], Honey, Macadamias (5%), Raising Agent (500), Salt.",
            "nutritionalinformation": "{\"Name\":\"Nutritional Information\",\"Attributes\":[{\"Id\":705,\"Name\":\"Carbohydrate Quantity Per 100g - Total - NIP\",\"Value\":\"59.7g\",\"Description\":\"Carbohydrate Quantity Per 100g - Total - NIP\",\"SortOrder\":83},{\"Id\":706,\"Name\":\"Carbohydrate Quantity Per Serve - Total - NIP\",\"Value\":\"8.9g\",\"Description\":\"Carbohydrate Quantity Per Serve - Total - NIP\",\"SortOrder\":87},{\"Id\":759,\"Name\":\"Energy kJ Quantity Per 100g - Total - NIP\",\"Value\":\"1750kJ\",\"Description\":\"Energy kJ Quantity Per 100g - Total - NIP\",\"SortOrder\":239},{\"Id\":760,\"Name\":\"Energy kJ Quantity Per Serve - Total - NIP\",\"Value\":\"263kJ\",\"Description\":\"Energy kJ Quantity Per Serve - Total - NIP\",\"SortOrder\":243},{\"Id\":764,\"Name\":\"Fat Total Quantity Per 100g - Total - NIP\",\"Value\":\"13.5g\",\"Description\":\"Fat Total Quantity Per 100g - Total - NIP\",\"SortOrder\":263},{\"Id\":264,\"Name\":\"Fat Total Quantity Per Serve - Total - NIP\",\"Value\":\"2.0g\",\"Description\":\"Fat Total Quantity Per Serve - Total - NIP\",\"SortOrder\":267},{\"Id\":878,\"Name\":\"Protein Quantity Per 100g - Total - NIP\",\"Value\":\"10.4g\",\"Description\":\"Protein Quantity Per 100g - Total - NIP\",\"SortOrder\":587},{\"Id\":882,\"Name\":\"Protein Quantity Per Serve - Total - NIP\",\"Value\":\"1.6g\",\"Description\":\"Protein Quantity Per Serve - Total - NIP\",\"SortOrder\":591},{\"Id\":477,\"Name\":\"Serving Size - Total - NIP\",\"Value\":\"15g\",\"Description\":\"Serving Size - Total - NIP\",\"SortOrder\":607},{\"Id\":544,\"Name\":\"Servings Per Pack - Total - NIP\",\"Value\":\"10\",\"Description\":\"Servings Per Pack - Total - NIP\",\"SortOrder\":611},{\"Id\":491,\"Name\":\"Sodium Quantity Per 100g - Total - NIP\",\"Value\":\"723mg\",\"Description\":\"Sodium Quantity Per 100g - Total - NIP\",\"SortOrder\":623},{\"Id\":495,\"Name\":\"Sodium Quantity Per Serve - Total - NIP\",\"Value\":\"108mg\",\"Description\":\"Sodium Quantity Per Serve - Total - NIP\",\"SortOrder\":627},{\"Id\":907,\"Name\":\"Sugars Quantity Per 100g - Prefix - NIP\",\"Value\":\"\",\"Description\":\"Sugars Quantity Per 100g - Prefix - NIP\",\"SortOrder\":645},{\"Id\":908,\"Name\":\"Sugars Quantity Per 100g - SuffixUnits - NIP\",\"Value\":\"g\",\"Description\":\"Sugars Quantity Per 100g - SuffixUnits - NIP\",\"SortOrder\":646},{\"Id\":909,\"Name\":\"Sugars Quantity Per 100g - Total - NIP\",\"Value\":\"24.6g\",\"Description\":\"Sugars Quantity Per 100g - Total - NIP\",\"SortOrder\":647},{\"Id\":910,\"Name\":\"Sugars Quantity Per 100g - ValueWord - NIP\",\"Value\":\"24.6\",\"Description\":\"Sugars Quantity Per 100g - ValueWord - NIP\",\"SortOrder\":648},{\"Id\":504,\"Name\":\"Sugars Quantity Per Serve - Prefix - NIP\",\"Value\":\"\",\"Description\":\"Sugars Quantity Per Serve - Prefix - NIP\",\"SortOrder\":649},{\"Id\":911,\"Name\":\"Sugars Quantity Per Serve - SuffixUnits - NIP\",\"Value\":\"g\",\"Description\":\"Sugars Quantity Per Serve - SuffixUnits - NIP\",\"SortOrder\":650},{\"Id\":912,\"Name\":\"Sugars Quantity Per Serve - Total - NIP\",\"Value\":\"3.7g\",\"Description\":\"Sugars Quantity Per Serve - Total - NIP\",\"SortOrder\":651},{\"Id\":572,\"Name\":\"Sugars Quantity Per Serve - ValueWord - NIP\",\"Value\":\"3.7\",\"Description\":\"Sugars Quantity Per Serve - ValueWord - NIP\",\"SortOrder\":652}]}",
            "storageinstructions": "Keep in a cool, dry place.",
            "usageinstructions": null,
            "brand": "ob finest",
            "manufacturer": null,
            "countryoforigin": null,
            "productheightmm": null,
            "productwidthmm": null,
            "productdepthmm": null,
            "wool_productpackaging": null,
            "recyclableinformation": null,
            "importantinformation": null,
            "allergencontains": "Gluten, Milk, Sulphites, Tree Nuts",
            "allergenmaybepresent": "Sesame Seeds",
            "allergystatement": "Fish Free",
            "lifestyleanddietarystatement": "Vegetarian",
            "lifestyleclaim": null,
            "wool_dietaryclaim": null,
            "boxedcontents": null,
            "suitablefor": null,
            "fragrance": null,
            "colour": null,
            "antioxidant": "False",
            "addedvitaminsandminerals": "False",
            "bpafree": "False",
            "sulfatefree": "False",
            "parabenfree": "False",
            "claims": null,
            "alcoholfree": null,
            "anti-dandruff": null,
            "dermatologicallyapproved": null,
            "dermatologistrecommended": null,
            "dermatologisttested": null,
            "fragrance-free": null,
            "haircolour": null,
            "hairtype": null,
            "hypo-allergenic": null,
            "non-comedogenic": null,
            "oilfree": null,
            "ophthalmologistapproved": null,
            "ophthalmologisttested": null,
            "paba-free": null,
            "skincondition": null,
            "skintype": null,
            "soap-free": null,
            "spf": null,
            "sweatresistant": null,
            "timer": null,
            "waterresistant": null,
            "phbalanced": null,
            "antiseptic": "False",
            "antibacterial": "False",
            "activeconstituents": null,
            "contains": null,
            "microwavesafe": "False",
            "productimagecount": "1",
            "friendlydisclaimer": null,
            "productimages": "626516.jpg",
            "healthstarrating": "0",
            "tgawarnings": null,
            "vendorarticleid": null,
            "vendorcostprice": null,
            "tgawarning": null
          },
          "DetailsImagePaths": [
            "https://cdn0.woolworths.media/content/wowproductimages/large/626516.jpg"
          ],
          "Variety": "specialty cracker",
          "Rating": {
            "ReviewCount": 0,
            "RatingCount": 0,
            "RatingSum": 0,
            "OneStarCount": 0,
            "TwoStarCount": 0,
            "ThreeStarCount": 0,
            "FourStarCount": 0,
            "FiveStarCount": 0,
            "Average": 0,
            "OneStarPercentage": 0,
            "TwoStarPercentage": 0,
            "ThreeStarPercentage": 0,
            "FourStarPercentage": 0,
            "FiveStarPercentage": 0
          },
          "HasProductSubs": false,
          "IsSponsoredAd": false,
          "AdID": null,
          "AdIndex": null,
          "ThirdPartyProductInfo": null,
          "MarketFeatures": null,
          "MarketSpecifications": null
        }
      ],
      "Name": "Ob Finest Apricot & Macadamia Specialty Cracker"
    },
    {
      "Products": [
        {
          "TileID": 0,
          "Stockcode": 626523,
          "Barcode": "9349571000240",
          "GtinFormat": 13,
          "CupPrice": 4,
          "InstoreCupPrice": 4,
          "CupMeasure": "100G",
          "CupString": "$4.00 / 100G",
          "InstoreCupString": "$4.00 / 100G",
          "HasCupPrice": true,
          "InstoreHasCupPrice": true,
          "Price": 6,
          "InstorePrice": 6,
          "Name": "Ob Finest Fig & Pecan Specialty Cracker",
          "UrlFriendlyName": "ob-finest-fig-pecan-specialty-cracker",
          "Description": " Ob Finest Fig & Pecan<br>Specialty Cracker 150g",
          "SmallImageFile": "https://cdn0.woolworths.media/content/wowproductimages/small/626523.jpg",
          "MediumImageFile": "https://cdn0.woolworths.media/content/wowproductimages/medium/626523.jpg",
          "LargeImageFile": "https://cdn0.woolworths.media/content/wowproductimages/large/626523.jpg",
          "IsNew": false,
          "IsOnSpecial": false,
          "InstoreIsOnSpecial": false,
          "IsEdrSpecial": false,
          "SavingsAmount": 0,
          "InstoreSavingsAmount": 0,
          "WasPrice": 6,
          "InstoreWasPrice": 6,
          "QuantityInTrolley": 0,
          "Unit": "Each",
          "MinimumQuantity": 1,
          "HasBeenBoughtBefore": false,
          "IsInTrolley": false,
          "Source": "Aisle.MeatSeafoodDeli",
          "SupplyLimit": 36,
          "IsRanged": false,
          "IsInStock": true,
          "PackageSize": "150g",
          "IsPmDelivery": true,
          "IsForCollection": true,
          "IsForDelivery": true,
          "IsForExpress": false,
          "ProductRestrictionMessage": null,
          "ProductWarningMessage": null,
          "CentreTag": {
            "TagContent": "<span style=\"COLOR: #e2001a\"> Was $6.49 21/03/2017</span>",
            "TagLink": null,
            "FallbackText": null,
            "TagType": "Html",
            "MultibuyData": null
          },
          "IsCentreTag": true,
          "ImageTag": {
            "TagContent": null,
            "TagLink": null,
            "FallbackText": "",
            "TagType": "None",
            "MultibuyData": null
          },
          "HeaderTag": {
            "BackgroundColor": "#fff",
            "BorderColor": "#c20016",
            "TextColor": "#c20016",
            "Content": "<span class=\"u-semibold\">Prices dropped</span>",
            "TagLink": null,
            "Promotion": "PriceDropped"
          },
          "HasHeaderTag": true,
          "UnitWeightInGrams": 180,
          "SupplyLimitMessage": "'Ob Finest Fig & Pecan Specialty Cracker' has a supply limit of 36. The quantity in your cart has been reduced accordingly. To purchase a larger quantity, please contact us on 1800 000 610. Please note we do not supply trade orders.",
          "SmallFormatDescription": "Ob Finest Fig & Pecan Specialty Cracker",
          "FullDescription": "Ob Finest Fig & Pecan Specialty Cracker",
          "IsAvailable": true,
          "InstoreIsAvailable": true,
          "IsPurchasable": true,
          "InstoreIsPurchasable": true,
          "AgeRestricted": false,
          "DisplayQuantity": 1,
          "RichDescription": "<p>As enthusiastic foodies, we are delighted to share with you some of our favourite recipes.</p><p>Ob finest specialty crackers are crafted in small batches by our artisan bakers to enhance flavour and deliver a consistent crisp texture.</p><p>Our fig & pecan infusion not only makes for an appetizing and convenient snack, but they wonderfully complement an array of cheeses, dips and other condiments.</p><p>Be inspired to entertain with OB finest.</p>",
          "IsDeliveryPass": false,
          "HideWasSavedPrice": false,
          "SapCategories": null,
          "Brand": "ob finest",
          "IsRestrictedByDeliveryMethod": false,
          "FooterTag": {
            "TagContent": "<div class=\"productTag-pricedropped\" style=\"\r\nheight:46px;\r\nposition:absolute;\r\ntop:-4px;\r\nleft:0;\r\nwidth:100%;\r\nbackground:white;\r\noutline: 1px solid #c20016;\r\ntext-align:center;\">\r\n\r\n<img src=\"https://cdn0.woolworths.media/content/content/pricedropped-footer-transparent.png\" width=\"204px\" height=\"16px\" alt=\"Price Dropped\" style=\"display:inline-block;margin-top:15px;max-width: 100%;\">\r\n</div>",
            "TagLink": null,
            "FallbackText": null,
            "TagType": "Html",
            "MultibuyData": null
          },
          "IsFooterEnabled": true,
          "Diagnostics": "728",
          "IsBundle": false,
          "IsInFamily": false,
          "ChildProducts": [],
          "UrlOverride": null,
          "AdditionalAttributes": {
            "sapdepartmentname": "FRESH CONVENIENCE",
            "sapdepartmentno": "10",
            "sapcategoryname": "DELI CONVENIENCE",
            "sapcategoryno": "2",
            "sapsubcategoryname": "SPECIALITY DELI",
            "sapsubcategoryno": "279",
            "sapsegmentname": "CRACKERS",
            "sapsegmentno": "3",
            "specialsgroupid": null,
            "PiesProductDepartmentNodeId": "1_D5A2236",
            "PiesProductDepartmentsjson": "[{\"Id\":\"1_D5A2236\",\"Description\":\"Meat, Seafood & Deli\"}]",
            "piesdepartmentnamesjson": "[\"Meat, Seafood & Deli\"]",
            "piescategorynamesjson": "[\"Deli Specialities\"]",
            "piessubcategorynamesjson": "[\"Dips & Pâté\"]",
            "servingsize-total-nip": null,
            "servingsperpack-total-nip": null,
            "microwaveable": "False",
            "ovencook": "False",
            "vegetarian": "False",
            "freezable": "False",
            "containsnuts": "False",
            "containsgluten": "False",
            "description": "<p>As enthusiastic foodies, we are delighted to share with you some of our favourite recipes.</p><p>Ob finest specialty crackers are crafted in small batches by our artisan bakers to enhance flavour and deliver a consistent crisp texture.</p><p>Our fig & pecan infusion not only makes for an appetizing and convenient snack, but they wonderfully complement an array of cheeses, dips and other condiments.</p><p>Be inspired to entertain with OB finest.</p>",
            "ingredients": "Wheat Flour, Flaxseed, Dried Fig (10.3%) (Fig, Rice Flour), Raw Sugar, Greek Yoghurt [Whole Milk, Cream, Live Cultures], Honey, Pecan (6.5%) Raising Agent (500g), Salt.",
            "nutritionalinformation": "{\"Name\":\"Nutritional Information\",\"Attributes\":[{\"Id\":705,\"Name\":\"Carbohydrate Quantity Per 100g - Total - NIP\",\"Value\":\"56.9g\",\"Description\":\"Carbohydrate Quantity Per 100g - Total - NIP\",\"SortOrder\":83},{\"Id\":706,\"Name\":\"Carbohydrate Quantity Per Serve - Total - NIP\",\"Value\":\"8.5g\",\"Description\":\"Carbohydrate Quantity Per Serve - Total - NIP\",\"SortOrder\":87},{\"Id\":759,\"Name\":\"Energy kJ Quantity Per 100g - Total - NIP\",\"Value\":\"1820kJ\",\"Description\":\"Energy kJ Quantity Per 100g - Total - NIP\",\"SortOrder\":239},{\"Id\":760,\"Name\":\"Energy kJ Quantity Per Serve - Total - NIP\",\"Value\":\"273kJ\",\"Description\":\"Energy kJ Quantity Per Serve - Total - NIP\",\"SortOrder\":243},{\"Id\":253,\"Name\":\"Fat Saturated Quantity Per 100g - Total - NIP\",\"Value\":\"2.2g\",\"Description\":\"Fat Saturated Quantity Per 100g - Total - NIP\",\"SortOrder\":251},{\"Id\":258,\"Name\":\"Fat Saturated Quantity Per Serve - Total - NIP\",\"Value\":\"0.3g\",\"Description\":\"Fat Saturated Quantity Per Serve - Total - NIP\",\"SortOrder\":255},{\"Id\":764,\"Name\":\"Fat Total Quantity Per 100g - Total - NIP\",\"Value\":\"16.0g\",\"Description\":\"Fat Total Quantity Per 100g - Total - NIP\",\"SortOrder\":263},{\"Id\":264,\"Name\":\"Fat Total Quantity Per Serve - Total - NIP\",\"Value\":\"2.4g\",\"Description\":\"Fat Total Quantity Per Serve - Total - NIP\",\"SortOrder\":267},{\"Id\":878,\"Name\":\"Protein Quantity Per 100g - Total - NIP\",\"Value\":\"10.8g\",\"Description\":\"Protein Quantity Per 100g - Total - NIP\",\"SortOrder\":587},{\"Id\":882,\"Name\":\"Protein Quantity Per Serve - Total - NIP\",\"Value\":\"1.6g\",\"Description\":\"Protein Quantity Per Serve - Total - NIP\",\"SortOrder\":591},{\"Id\":477,\"Name\":\"Serving Size - Total - NIP\",\"Value\":\"15g\",\"Description\":\"Serving Size - Total - NIP\",\"SortOrder\":607},{\"Id\":544,\"Name\":\"Servings Per Pack - Total - NIP\",\"Value\":\"10\",\"Description\":\"Servings Per Pack - Total - NIP\",\"SortOrder\":611},{\"Id\":491,\"Name\":\"Sodium Quantity Per 100g - Total - NIP\",\"Value\":\"795mg\",\"Description\":\"Sodium Quantity Per 100g - Total - NIP\",\"SortOrder\":623},{\"Id\":495,\"Name\":\"Sodium Quantity Per Serve - Total - NIP\",\"Value\":\"119mg\",\"Description\":\"Sodium Quantity Per Serve - Total - NIP\",\"SortOrder\":627},{\"Id\":907,\"Name\":\"Sugars Quantity Per 100g - Prefix - NIP\",\"Value\":\"\",\"Description\":\"Sugars Quantity Per 100g - Prefix - NIP\",\"SortOrder\":645},{\"Id\":908,\"Name\":\"Sugars Quantity Per 100g - SuffixUnits - NIP\",\"Value\":\"g\",\"Description\":\"Sugars Quantity Per 100g - SuffixUnits - NIP\",\"SortOrder\":646},{\"Id\":909,\"Name\":\"Sugars Quantity Per 100g - Total - NIP\",\"Value\":\"23.7g\",\"Description\":\"Sugars Quantity Per 100g - Total - NIP\",\"SortOrder\":647},{\"Id\":910,\"Name\":\"Sugars Quantity Per 100g - ValueWord - NIP\",\"Value\":\"23.7\",\"Description\":\"Sugars Quantity Per 100g - ValueWord - NIP\",\"SortOrder\":648},{\"Id\":504,\"Name\":\"Sugars Quantity Per Serve - Prefix - NIP\",\"Value\":\"\",\"Description\":\"Sugars Quantity Per Serve - Prefix - NIP\",\"SortOrder\":649},{\"Id\":911,\"Name\":\"Sugars Quantity Per Serve - SuffixUnits - NIP\",\"Value\":\"g\",\"Description\":\"Sugars Quantity Per Serve - SuffixUnits - NIP\",\"SortOrder\":650},{\"Id\":912,\"Name\":\"Sugars Quantity Per Serve - Total - NIP\",\"Value\":\"3.6g\",\"Description\":\"Sugars Quantity Per Serve - Total - NIP\",\"SortOrder\":651},{\"Id\":572,\"Name\":\"Sugars Quantity Per Serve - ValueWord - NIP\",\"Value\":\"3.6\",\"Description\":\"Sugars Quantity Per Serve - ValueWord - NIP\",\"SortOrder\":652}]}",
            "storageinstructions": "Keep in a cool, dry place.",
            "usageinstructions": null,
            "brand": "ob finest",
            "manufacturer": null,
            "countryoforigin": null,
            "productheightmm": null,
            "productwidthmm": null,
            "productdepthmm": null,
            "wool_productpackaging": null,
            "recyclableinformation": null,
            "importantinformation": null,
            "allergencontains": "Gluten, Milk, Tree Nuts",
            "allergenmaybepresent": "Sesame Seeds",
            "allergystatement": "Fish Free",
            "lifestyleanddietarystatement": null,
            "lifestyleclaim": null,
            "wool_dietaryclaim": null,
            "boxedcontents": null,
            "suitablefor": null,
            "fragrance": null,
            "colour": null,
            "antioxidant": "False",
            "addedvitaminsandminerals": "False",
            "bpafree": "False",
            "sulfatefree": "False",
            "parabenfree": "False",
            "claims": null,
            "alcoholfree": null,
            "anti-dandruff": null,
            "dermatologicallyapproved": null,
            "dermatologistrecommended": null,
            "dermatologisttested": null,
            "fragrance-free": null,
            "haircolour": null,
            "hairtype": null,
            "hypo-allergenic": null,
            "non-comedogenic": null,
            "oilfree": null,
            "ophthalmologistapproved": null,
            "ophthalmologisttested": null,
            "paba-free": null,
            "skincondition": null,
            "skintype": null,
            "soap-free": null,
            "spf": null,
            "sweatresistant": null,
            "timer": null,
            "waterresistant": null,
            "phbalanced": null,
            "antiseptic": "False",
            "antibacterial": "False",
            "activeconstituents": null,
            "contains": null,
            "microwavesafe": "False",
            "productimagecount": "7",
            "friendlydisclaimer": null,
            "productimages": "626523.jpg,626523_3.jpg,626523_6.jpg,626523_1.jpg,626523_4.jpg,626523_5.jpg,626523_2.jpg",
            "healthstarrating": "0",
            "tgawarnings": null,
            "vendorarticleid": null,
            "vendorcostprice": null,
            "tgawarning": null
          },
          "DetailsImagePaths": [
            "https://cdn0.woolworths.media/content/wowproductimages/large/626523.jpg",
            "https://cdn0.woolworths.media/content/wowproductimages/large/626523_1.jpg",
            "https://cdn0.woolworths.media/content/wowproductimages/large/626523_2.jpg",
            "https://cdn0.woolworths.media/content/wowproductimages/large/626523_3.jpg",
            "https://cdn0.woolworths.media/content/wowproductimages/large/626523_4.jpg",
            "https://cdn0.woolworths.media/content/wowproductimages/large/626523_5.jpg",
            "https://cdn0.woolworths.media/content/wowproductimages/large/626523_6.jpg"
          ],
          "Variety": "specialty cracker",
          "Rating": {
            "ReviewCount": 0,
            "RatingCount": 0,
            "RatingSum": 0,
            "OneStarCount": 0,
            "TwoStarCount": 0,
            "ThreeStarCount": 0,
            "FourStarCount": 0,
            "FiveStarCount": 0,
            "Average": 0,
            "OneStarPercentage": 0,
            "TwoStarPercentage": 0,
            "ThreeStarPercentage": 0,
            "FourStarPercentage": 0,
            "FiveStarPercentage": 0
          },
          "HasProductSubs": false,
          "IsSponsoredAd": false,
          "AdID": null,
          "AdIndex": null,
          "ThirdPartyProductInfo": null,
          "MarketFeatures": null,
          "MarketSpecifications": null
        }
      ],
      "Name": "Ob Finest Fig & Pecan Specialty Cracker"
    },
    {
      "Products": [
        {
          "TileID": 0,
          "Stockcode": 658479,
          "Barcode": "9326451825070",
          "GtinFormat": 13,
          "CupPrice": 30,
          "InstoreCupPrice": 30,
          "CupMeasure": "1KG",
          "CupString": "$30.00 / 1KG",
          "InstoreCupString": "$30.00 / 1KG",
          "HasCupPrice": true,
          "InstoreHasCupPrice": true,
          "Price": 6,
          "InstorePrice": 6,
          "Name": "Don Premium Butcher's Style Rindless Bacon",
          "UrlFriendlyName": "don-premium-butcher-s-style-rindless-bacon",
          "Description": " Don Premium Butcher's Style<br>Rindless Bacon 200g",
          "SmallImageFile": "https://cdn0.woolworths.media/content/wowproductimages/small/658479.jpg",
          "MediumImageFile": "https://cdn0.woolworths.media/content/wowproductimages/medium/658479.jpg",
          "LargeImageFile": "https://cdn0.woolworths.media/content/wowproductimages/large/658479.jpg",
          "IsNew": false,
          "IsOnSpecial": false,
          "InstoreIsOnSpecial": false,
          "IsEdrSpecial": false,
          "SavingsAmount": 0,
          "InstoreSavingsAmount": 0,
          "WasPrice": 6,
          "InstoreWasPrice": 6,
          "QuantityInTrolley": 0,
          "Unit": "Each",
          "MinimumQuantity": 1,
          "HasBeenBoughtBefore": false,
          "IsInTrolley": false,
          "Source": "Aisle.MeatSeafoodDeli",
          "SupplyLimit": 36,
          "IsRanged": false,
          "IsInStock": true,
          "PackageSize": "200g",
          "IsPmDelivery": true,
          "IsForCollection": true,
          "IsForDelivery": true,
          "IsForExpress": false,
          "ProductRestrictionMessage": null,
          "ProductWarningMessage": null,
          "CentreTag": {
            "TagContent": null,
            "TagLink": null,
            "FallbackText": null,
            "TagType": "None",
            "MultibuyData": null
          },
          "IsCentreTag": false,
          "ImageTag": {
            "TagContent": null,
            "TagLink": null,
            "FallbackText": "",
            "TagType": "None",
            "MultibuyData": null
          },
          "HeaderTag": null,
          "HasHeaderTag": false,
          "UnitWeightInGrams": 220,
          "SupplyLimitMessage": "'Don Premium Butcher's Style Rindless Bacon' has a supply limit of 36. The quantity in your cart has been reduced accordingly. To purchase a larger quantity, please contact us on 1800 000 610. Please note we do not supply trade orders.",
          "SmallFormatDescription": "Don Premium Butcher's Style Rindless Bacon",
          "FullDescription": "Don Premium Butcher's Style Rindless Bacon",
          "IsAvailable": true,
          "InstoreIsAvailable": true,
          "IsPurchasable": true,
          "InstoreIsPurchasable": true,
          "AgeRestricted": false,
          "DisplayQuantity": 1,
          "RichDescription": "DON® Premium Butcher's Style Bacon. Lightly brined, wood smoked then thick cut pan size rasher bacon. Is DON. Is Good.",
          "IsDeliveryPass": false,
          "HideWasSavedPrice": false,
          "SapCategories": null,
          "Brand": "don",
          "IsRestrictedByDeliveryMethod": false,
          "FooterTag": {
            "TagContent": null,
            "TagLink": null,
            "FallbackText": null,
            "TagType": "None",
            "MultibuyData": null
          },
          "IsFooterEnabled": true,
          "Diagnostics": "729",
          "IsBundle": false,
          "IsInFamily": false,
          "ChildProducts": [],
          "UrlOverride": null,
          "AdditionalAttributes": {
            "sapdepartmentname": "FRESH CONVENIENCE",
            "sapdepartmentno": "10",
            "sapcategoryname": "DELI CONVENIENCE",
            "sapcategoryno": "2",
            "sapsubcategoryname": "DAIRY - SMALLGOODS",
            "sapsubcategoryno": "210",
            "sapsegmentname": "BACON MIDDLE 0-500G",
            "sapsegmentno": "2",
            "specialsgroupid": null,
            "PiesProductDepartmentNodeId": "1_D5A2236",
            "PiesProductDepartmentsjson": "[{\"Id\":\"1_D5A2236\",\"Description\":\"Meat, Seafood & Deli\"}]",
            "piesdepartmentnamesjson": "[\"Meat, Seafood & Deli\"]",
            "piescategorynamesjson": "[\"Meat\",\"Deli Meats\"]",
            "piessubcategorynamesjson": "[\"Ham & Bacon\",\"Pork\"]",
            "servingsize-total-nip": null,
            "servingsperpack-total-nip": null,
            "microwaveable": "False",
            "ovencook": "False",
            "vegetarian": "False",
            "freezable": "False",
            "containsnuts": "False",
            "containsgluten": "False",
            "description": "DON® Premium Butcher's Style Bacon. Lightly brined, wood smoked then thick cut pan size rasher bacon. Is DON. Is Good.",
            "ingredients": "MANUFACTURED MEAT<br>Pork (96%), Water, Salt, Sugar, Emulsifier (451), Dextrose (Maize), Antioxidant (316), Sodium Nitrite (250). Smoked.",
            "nutritionalinformation": "{\"Name\":\"Nutritional Information\",\"Attributes\":[{\"Id\":705,\"Name\":\"Carbohydrate Quantity Per 100g - Total - NIP\",\"Value\":\"1.6g\",\"Description\":\"Carbohydrate Quantity Per 100g - Total - NIP\",\"SortOrder\":83},{\"Id\":706,\"Name\":\"Carbohydrate Quantity Per Serve - Total - NIP\",\"Value\":\"<1g\",\"Description\":\"Carbohydrate Quantity Per Serve - Total - NIP\",\"SortOrder\":87},{\"Id\":759,\"Name\":\"Energy kJ Quantity Per 100g - Total - NIP\",\"Value\":\"796kJ\",\"Description\":\"Energy kJ Quantity Per 100g - Total - NIP\",\"SortOrder\":239},{\"Id\":760,\"Name\":\"Energy kJ Quantity Per Serve - Total - NIP\",\"Value\":\"398kJ\",\"Description\":\"Energy kJ Quantity Per Serve - Total - NIP\",\"SortOrder\":243},{\"Id\":253,\"Name\":\"Fat Saturated Quantity Per 100g - Total - NIP\",\"Value\":\"4.6g\",\"Description\":\"Fat Saturated Quantity Per 100g - Total - NIP\",\"SortOrder\":251},{\"Id\":258,\"Name\":\"Fat Saturated Quantity Per Serve - Total - NIP\",\"Value\":\"2.3g\",\"Description\":\"Fat Saturated Quantity Per Serve - Total - NIP\",\"SortOrder\":255},{\"Id\":764,\"Name\":\"Fat Total Quantity Per 100g - Total - NIP\",\"Value\":\"12.0g\",\"Description\":\"Fat Total Quantity Per 100g - Total - NIP\",\"SortOrder\":263},{\"Id\":264,\"Name\":\"Fat Total Quantity Per Serve - Total - NIP\",\"Value\":\"6.0g\",\"Description\":\"Fat Total Quantity Per Serve - Total - NIP\",\"SortOrder\":267},{\"Id\":878,\"Name\":\"Protein Quantity Per 100g - Total - NIP\",\"Value\":\"19.0g\",\"Description\":\"Protein Quantity Per 100g - Total - NIP\",\"SortOrder\":587},{\"Id\":882,\"Name\":\"Protein Quantity Per Serve - Total - NIP\",\"Value\":\"9.5g\",\"Description\":\"Protein Quantity Per Serve - Total - NIP\",\"SortOrder\":591},{\"Id\":477,\"Name\":\"Serving Size - Total - NIP\",\"Value\":\"50g\",\"Description\":\"Serving Size - Total - NIP\",\"SortOrder\":607},{\"Id\":544,\"Name\":\"Servings Per Pack - Total - NIP\",\"Value\":\"4\",\"Description\":\"Servings Per Pack - Total - NIP\",\"SortOrder\":611},{\"Id\":491,\"Name\":\"Sodium Quantity Per 100g - Total - NIP\",\"Value\":\"1040mg\",\"Description\":\"Sodium Quantity Per 100g - Total - NIP\",\"SortOrder\":623},{\"Id\":495,\"Name\":\"Sodium Quantity Per Serve - Total - NIP\",\"Value\":\"520mg\",\"Description\":\"Sodium Quantity Per Serve - Total - NIP\",\"SortOrder\":627},{\"Id\":907,\"Name\":\"Sugars Quantity Per 100g - Prefix - NIP\",\"Value\":null,\"Description\":\"Sugars Quantity Per 100g - Prefix - NIP\",\"SortOrder\":645},{\"Id\":908,\"Name\":\"Sugars Quantity Per 100g - SuffixUnits - NIP\",\"Value\":\"g\",\"Description\":\"Sugars Quantity Per 100g - SuffixUnits - NIP\",\"SortOrder\":646},{\"Id\":909,\"Name\":\"Sugars Quantity Per 100g - Total - NIP\",\"Value\":\"1.6g\",\"Description\":\"Sugars Quantity Per 100g - Total - NIP\",\"SortOrder\":647},{\"Id\":910,\"Name\":\"Sugars Quantity Per 100g - ValueWord - NIP\",\"Value\":\"1.6\",\"Description\":\"Sugars Quantity Per 100g - ValueWord - NIP\",\"SortOrder\":648},{\"Id\":504,\"Name\":\"Sugars Quantity Per Serve - Prefix - NIP\",\"Value\":\"<\",\"Description\":\"Sugars Quantity Per Serve - Prefix - NIP\",\"SortOrder\":649},{\"Id\":911,\"Name\":\"Sugars Quantity Per Serve - SuffixUnits - NIP\",\"Value\":\"g\",\"Description\":\"Sugars Quantity Per Serve - SuffixUnits - NIP\",\"SortOrder\":650},{\"Id\":912,\"Name\":\"Sugars Quantity Per Serve - Total - NIP\",\"Value\":\"<1g\",\"Description\":\"Sugars Quantity Per Serve - Total - NIP\",\"SortOrder\":651},{\"Id\":572,\"Name\":\"Sugars Quantity Per Serve - ValueWord - NIP\",\"Value\":\"1\",\"Description\":\"Sugars Quantity Per Serve - ValueWord - NIP\",\"SortOrder\":652}]}",
            "storageinstructions": "Keep Refrigerated At 0-4°C<br>Consume Within 5 Days Of Opening",
            "usageinstructions": null,
            "brand": "don",
            "manufacturer": null,
            "countryoforigin": null,
            "productheightmm": null,
            "productwidthmm": null,
            "productdepthmm": null,
            "wool_productpackaging": null,
            "recyclableinformation": null,
            "importantinformation": null,
            "allergencontains": null,
            "allergenmaybepresent": null,
            "allergystatement": "Egg Free",
            "lifestyleanddietarystatement": "Source of Protein",
            "lifestyleclaim": null,
            "wool_dietaryclaim": null,
            "boxedcontents": null,
            "suitablefor": "pan frying, grilling",
            "fragrance": null,
            "colour": null,
            "antioxidant": "False",
            "addedvitaminsandminerals": "False",
            "bpafree": "False",
            "sulfatefree": "False",
            "parabenfree": "False",
            "claims": null,
            "alcoholfree": null,
            "anti-dandruff": null,
            "dermatologicallyapproved": null,
            "dermatologistrecommended": null,
            "dermatologisttested": null,
            "fragrance-free": null,
            "haircolour": null,
            "hairtype": null,
            "hypo-allergenic": null,
            "non-comedogenic": null,
            "oilfree": null,
            "ophthalmologistapproved": null,
            "ophthalmologisttested": null,
            "paba-free": null,
            "skincondition": null,
            "skintype": null,
            "soap-free": null,
            "spf": null,
            "sweatresistant": null,
            "timer": null,
            "waterresistant": null,
            "phbalanced": null,
            "antiseptic": "False",
            "antibacterial": "False",
            "activeconstituents": null,
            "contains": null,
            "microwavesafe": "False",
            "productimagecount": "1",
            "friendlydisclaimer": null,
            "productimages": "658479.jpg",
            "healthstarrating": "0",
            "tgawarnings": null,
            "vendorarticleid": null,
            "vendorcostprice": null,
            "tgawarning": null
          },
          "DetailsImagePaths": [
            "https://cdn0.woolworths.media/content/wowproductimages/large/658479.jpg"
          ],
          "Variety": "rindless bacon",
          "Rating": {
            "ReviewCount": 0,
            "RatingCount": 0,
            "RatingSum": 0,
            "OneStarCount": 0,
            "TwoStarCount": 0,
            "ThreeStarCount": 0,
            "FourStarCount": 0,
            "FiveStarCount": 0,
            "Average": 0,
            "OneStarPercentage": 0,
            "TwoStarPercentage": 0,
            "ThreeStarPercentage": 0,
            "FourStarPercentage": 0,
            "FiveStarPercentage": 0
          },
          "HasProductSubs": false,
          "IsSponsoredAd": false,
          "AdID": null,
          "AdIndex": null,
          "ThirdPartyProductInfo": null,
          "MarketFeatures": null,
          "MarketSpecifications": null
        }
      ],
      "Name": "Don Premium Butcher's Style Rindless Bacon"
    },
    {
      "Products": [
        {
          "TileID": 0,
          "Stockcode": 663734,
          "Barcode": "9339068008248",
          "GtinFormat": 13,
          "CupPrice": 2,
          "InstoreCupPrice": 2,
          "CupMeasure": "100G",
          "CupString": "$2.00 / 100G",
          "InstoreCupString": "$2.00 / 100G",
          "HasCupPrice": true,
          "InstoreHasCupPrice": true,
          "Price": 6,
          "InstorePrice": 6,
          "Name": "Woolworths Turmeric Couscous With Cauliflower & Cranberry",
          "UrlFriendlyName": "woolworths-turmeric-couscous-with-cauliflower-cranberry",
          "Description": " Woolworths Turmeric Couscous<br>With Cauliflower &... 300g",
          "SmallImageFile": "https://cdn0.woolworths.media/content/wowproductimages/small/663734.jpg",
          "MediumImageFile": "https://cdn0.woolworths.media/content/wowproductimages/medium/663734.jpg",
          "LargeImageFile": "https://cdn0.woolworths.media/content/wowproductimages/large/663734.jpg",
          "IsNew": false,
          "IsOnSpecial": false,
          "InstoreIsOnSpecial": false,
          "IsEdrSpecial": false,
          "SavingsAmount": 0,
          "InstoreSavingsAmount": 0,
          "WasPrice": 6,
          "InstoreWasPrice": 6,
          "QuantityInTrolley": 0,
          "Unit": "Each",
          "MinimumQuantity": 1,
          "HasBeenBoughtBefore": false,
          "IsInTrolley": false,
          "Source": "Aisle.MeatSeafoodDeli",
          "SupplyLimit": 36,
          "IsRanged": false,
          "IsInStock": true,
          "PackageSize": "300g",
          "IsPmDelivery": true,
          "IsForCollection": true,
          "IsForDelivery": true,
          "IsForExpress": false,
          "ProductRestrictionMessage": null,
          "ProductWarningMessage": null,
          "CentreTag": {
            "TagContent": null,
            "TagLink": null,
            "FallbackText": null,
            "TagType": "None",
            "MultibuyData": null
          },
          "IsCentreTag": false,
          "ImageTag": {
            "TagContent": null,
            "TagLink": null,
            "FallbackText": "",
            "TagType": "None",
            "MultibuyData": null
          },
          "HeaderTag": null,
          "HasHeaderTag": false,
          "UnitWeightInGrams": 300,
          "SupplyLimitMessage": "'Woolworths Turmeric Couscous With Cauliflower & Cranberry' has a supply limit of 36. The quantity in your cart has been reduced accordingly. To purchase a larger quantity, please contact us on 1800 000 610. Please note we do not supply trade orders.",
          "SmallFormatDescription": "Woolworths Turmeric Couscous With Cauliflower & Cranberry",
          "FullDescription": "Woolworths Turmeric Couscous With Cauliflower & Cranberry",
          "IsAvailable": true,
          "InstoreIsAvailable": true,
          "IsPurchasable": true,
          "InstoreIsPurchasable": true,
          "AgeRestricted": false,
          "DisplayQuantity": 1,
          "RichDescription": "Pearl Couscous and cauliflower rice with roasted red capsicum, pumpkin, pepitas, cranberries and parsley in a turmeric tahini dressing.",
          "IsDeliveryPass": false,
          "HideWasSavedPrice": false,
          "SapCategories": null,
          "Brand": "Woolworths",
          "IsRestrictedByDeliveryMethod": false,
          "FooterTag": {
            "TagContent": null,
            "TagLink": null,
            "FallbackText": null,
            "TagType": "None",
            "MultibuyData": null
          },
          "IsFooterEnabled": true,
          "Diagnostics": "730",
          "IsBundle": false,
          "IsInFamily": false,
          "ChildProducts": [],
          "UrlOverride": null,
          "AdditionalAttributes": {
            "sapdepartmentname": "FRESH CONVENIENCE",
            "sapdepartmentno": "10",
            "sapcategoryname": "DELI CONVENIENCE",
            "sapcategoryno": "2",
            "sapsubcategoryname": "SALADS PREPACKED",
            "sapsubcategoryno": "265",
            "sapsegmentname": "GOURMET",
            "sapsegmentno": "1",
            "specialsgroupid": null,
            "PiesProductDepartmentNodeId": "1_6E4F4E4",
            "PiesProductDepartmentsjson": "[{\"Id\":\"1_6E4F4E4\",\"Description\":\"Dairy, Eggs & Fridge\"},{\"Id\":\"1_D5A2236\",\"Description\":\"Meat, Seafood & Deli\"},{\"Id\":\"1-E5BEE36E\",\"Description\":\"Fruit & Veg\"}]",
            "piesdepartmentnamesjson": "[\"Dairy, Eggs & Fridge\",\"Meat, Seafood & Deli\",\"Fruit & Veg\"]",
            "piescategorynamesjson": "[\"Salad\",\"Ready to Eat Meals\",\"Deli Specialities\"]",
            "piessubcategorynamesjson": "[\"Packaged Salads & Sides\",\"Prepared Salads\",\"Salads\"]",
            "servingsize-total-nip": null,
            "servingsperpack-total-nip": null,
            "microwaveable": "False",
            "ovencook": "False",
            "vegetarian": "False",
            "freezable": "False",
            "containsnuts": "False",
            "containsgluten": "False",
            "description": "Pearl Couscous and cauliflower rice with roasted red capsicum, pumpkin, pepitas, cranberries and parsley in a turmeric tahini dressing.",
            "ingredients": "Ingredients: Israeli Cous Cous (30%) (Wheat Flour), Cauliflower (24%), Pumpkin, Roasted Capsicums (Capsicum, Vinegar, Salt, Sugar), Sweetened Dried Cranberries (5%), Sugar, Water, Pepitas, Sesame Seeds, Canola Oil, Parsley, Vinegar, Salt, Lemon Juice Concentrate, Cumin, Turmeric (0.05%), Garlic, Vegetable Gum (Xanthan Gum).",
            "nutritionalinformation": "{\"Name\":\"Nutritional Information\",\"Attributes\":[{\"Id\":705,\"Name\":\"Carbohydrate Quantity Per 100g - Total - NIP\",\"Value\":\"31.5\",\"Description\":\"Carbohydrate Quantity Per 100g - Total - NIP\",\"SortOrder\":83},{\"Id\":706,\"Name\":\"Carbohydrate Quantity Per Serve - Total - NIP\",\"Value\":\"94.4g\",\"Description\":\"Carbohydrate Quantity Per Serve - Total - NIP\",\"SortOrder\":87},{\"Id\":759,\"Name\":\"Energy kJ Quantity Per 100g - Total - NIP\",\"Value\":\"858  KJ (205 Cal)\",\"Description\":\"Energy kJ Quantity Per 100g - Total - NIP\",\"SortOrder\":239},{\"Id\":760,\"Name\":\"Energy kJ Quantity Per Serve - Total - NIP\",\"Value\":\"2570 KJ (615 Cal)\",\"Description\":\"Energy kJ Quantity Per Serve - Total - NIP\",\"SortOrder\":243},{\"Id\":253,\"Name\":\"Fat Saturated Quantity Per 100g - Total - NIP\",\"Value\":\"0.6g\",\"Description\":\"Fat Saturated Quantity Per 100g - Total - NIP\",\"SortOrder\":251},{\"Id\":258,\"Name\":\"Fat Saturated Quantity Per Serve - Total - NIP\",\"Value\":\"1.9g\",\"Description\":\"Fat Saturated Quantity Per Serve - Total - NIP\",\"SortOrder\":255},{\"Id\":764,\"Name\":\"Fat Total Quantity Per 100g - Total - NIP\",\"Value\":\"5.8g\",\"Description\":\"Fat Total Quantity Per 100g - Total - NIP\",\"SortOrder\":263},{\"Id\":264,\"Name\":\"Fat Total Quantity Per Serve - Total - NIP\",\"Value\":\"17.3g\",\"Description\":\"Fat Total Quantity Per Serve - Total - NIP\",\"SortOrder\":267},{\"Id\":878,\"Name\":\"Protein Quantity Per 100g - Total - NIP\",\"Value\":\"5.7g\",\"Description\":\"Protein Quantity Per 100g - Total - NIP\",\"SortOrder\":587},{\"Id\":882,\"Name\":\"Protein Quantity Per Serve - Total - NIP\",\"Value\":\"16.9g\",\"Description\":\"Protein Quantity Per Serve - Total - NIP\",\"SortOrder\":591},{\"Id\":477,\"Name\":\"Serving Size - Total - NIP\",\"Value\":\"300g\",\"Description\":\"Serving Size - Total - NIP\",\"SortOrder\":607},{\"Id\":544,\"Name\":\"Servings Per Pack - Total - NIP\",\"Value\":\"1\",\"Description\":\"Servings Per Pack - Total - NIP\",\"SortOrder\":611},{\"Id\":491,\"Name\":\"Sodium Quantity Per 100g - Total - NIP\",\"Value\":\"216mg\",\"Description\":\"Sodium Quantity Per 100g - Total - NIP\",\"SortOrder\":623},{\"Id\":495,\"Name\":\"Sodium Quantity Per Serve - Total - NIP\",\"Value\":\"648mg\",\"Description\":\"Sodium Quantity Per Serve - Total - NIP\",\"SortOrder\":627},{\"Id\":909,\"Name\":\"Sugars Quantity Per 100g - Total - NIP\",\"Value\":\"7.7g\",\"Description\":\"Sugars Quantity Per 100g - Total - NIP\",\"SortOrder\":647},{\"Id\":912,\"Name\":\"Sugars Quantity Per Serve - Total - NIP\",\"Value\":\"23.0g\",\"Description\":\"Sugars Quantity Per Serve - Total - NIP\",\"SortOrder\":651}]}",
            "storageinstructions": null,
            "usageinstructions": null,
            "brand": "woolworths",
            "manufacturer": null,
            "countryoforigin": null,
            "productheightmm": null,
            "productwidthmm": null,
            "productdepthmm": null,
            "wool_productpackaging": null,
            "recyclableinformation": null,
            "importantinformation": null,
            "allergencontains": "Wheat, Sesame Seeds",
            "allergenmaybepresent": "made of equipment that processes products containing Gluten, milk, egg, soy, crustacea, fish, sesame seeds, sulphites and tree nuts",
            "allergystatement": "Lupin Free",
            "lifestyleanddietarystatement": "Source of Protein",
            "lifestyleclaim": "Plant Based",
            "wool_dietaryclaim": null,
            "boxedcontents": null,
            "suitablefor": null,
            "fragrance": null,
            "colour": null,
            "antioxidant": "False",
            "addedvitaminsandminerals": "False",
            "bpafree": "False",
            "sulfatefree": "False",
            "parabenfree": "False",
            "claims": null,
            "alcoholfree": null,
            "anti-dandruff": null,
            "dermatologicallyapproved": null,
            "dermatologistrecommended": null,
            "dermatologisttested": null,
            "fragrance-free": null,
            "haircolour": null,
            "hairtype": null,
            "hypo-allergenic": null,
            "non-comedogenic": null,
            "oilfree": null,
            "ophthalmologistapproved": null,
            "ophthalmologisttested": null,
            "paba-free": null,
            "skincondition": null,
            "skintype": null,
            "soap-free": null,
            "spf": null,
            "sweatresistant": null,
            "timer": null,
            "waterresistant": null,
            "phbalanced": null,
            "antiseptic": "False",
            "antibacterial": "False",
            "activeconstituents": null,
            "contains": null,
            "microwavesafe": "False",
            "productimagecount": "1",
            "friendlydisclaimer": null,
            "productimages": "663734.jpg",
            "healthstarrating": "0",
            "tgawarnings": null,
            "vendorarticleid": null,
            "vendorcostprice": null,
            "tgawarning": null,
            "PiesProductB2bDepartmentNodeId": "14_BADBC9B",
            "PiesProductB2bDepartmentsjson": "[{\"Id\":\"14_BADBC9B\",\"Description\":\"Fridge\"}]",
            "piesb2bdepartmentnamesjson": "[\"Fridge\"]",
            "piesb2bcategorynamesjson": "[\"Ready to Eat\"]",
            "piesb2bsubcategorynamesjson": "[\"Salads & Sides\"]"
          },
          "DetailsImagePaths": [
            "https://cdn0.woolworths.media/content/wowproductimages/large/663734.jpg"
          ],
          "Variety": "Cauliflower & Cranberry",
          "Rating": null,
          "HasProductSubs": false,
          "IsSponsoredAd": false,
          "AdID": null,
          "AdIndex": null,
          "ThirdPartyProductInfo": null,
          "MarketFeatures": null,
          "MarketSpecifications": null
        }
      ],
      "Name": "Woolworths Turmeric Couscous With Cauliflower & Cranberry"
    },
    {
      "Products": [
        {
          "TileID": 0,
          "Stockcode": 664108,
          "Barcode": "9339068008262",
          "GtinFormat": 13,
          "CupPrice": 2.4,
          "InstoreCupPrice": 2.4,
          "CupMeasure": "100G",
          "CupString": "$2.40 / 100G",
          "InstoreCupString": "$2.40 / 100G",
          "HasCupPrice": true,
          "InstoreHasCupPrice": true,
          "Price": 6,
          "InstorePrice": 6,
          "Name": "The Salad Servers Quinoa Tabbouleh",
          "UrlFriendlyName": "the-salad-servers-quinoa-tabbouleh",
          "Description": " The Salad Servers Quinoa<br>Tabbouleh 250g",
          "SmallImageFile": "https://cdn0.woolworths.media/content/wowproductimages/small/664108.jpg",
          "MediumImageFile": "https://cdn0.woolworths.media/content/wowproductimages/medium/664108.jpg",
          "LargeImageFile": "https://cdn0.woolworths.media/content/wowproductimages/large/664108.jpg",
          "IsNew": false,
          "IsOnSpecial": false,
          "InstoreIsOnSpecial": false,
          "IsEdrSpecial": false,
          "SavingsAmount": 0,
          "InstoreSavingsAmount": 0,
          "WasPrice": 6,
          "InstoreWasPrice": 6,
          "QuantityInTrolley": 0,
          "Unit": "Each",
          "MinimumQuantity": 1,
          "HasBeenBoughtBefore": false,
          "IsInTrolley": false,
          "Source": "Aisle.MeatSeafoodDeli",
          "SupplyLimit": 36,
          "IsRanged": false,
          "IsInStock": true,
          "PackageSize": "250g",
          "IsPmDelivery": true,
          "IsForCollection": true,
          "IsForDelivery": true,
          "IsForExpress": false,
          "ProductRestrictionMessage": null,
          "ProductWarningMessage": null,
          "CentreTag": {
            "TagContent": null,
            "TagLink": null,
            "FallbackText": null,
            "TagType": "None",
            "MultibuyData": null
          },
          "IsCentreTag": false,
          "ImageTag": {
            "TagContent": null,
            "TagLink": null,
            "FallbackText": "",
            "TagType": "None",
            "MultibuyData": null
          },
          "HeaderTag": null,
          "HasHeaderTag": false,
          "UnitWeightInGrams": 300,
          "SupplyLimitMessage": "'The Salad Servers Quinoa Tabbouleh' has a supply limit of 36. The quantity in your cart has been reduced accordingly. To purchase a larger quantity, please contact us on 1800 000 610. Please note we do not supply trade orders.",
          "SmallFormatDescription": "The Salad Servers Quinoa Tabbouleh",
          "FullDescription": "The Salad Servers Quinoa Tabbouleh",
          "IsAvailable": true,
          "InstoreIsAvailable": true,
          "IsPurchasable": true,
          "InstoreIsPurchasable": true,
          "AgeRestricted": false,
          "DisplayQuantity": 1,
          "RichDescription": "<div>Our spin on a classic with white & black quinoa, diced red onion and tomato, fresh chopped parsley, roasted sun flower and pepita seeds for a bit of crunch all tossed in a fresh lemon dressing</div>",
          "IsDeliveryPass": false,
          "HideWasSavedPrice": false,
          "SapCategories": null,
          "Brand": "the salad servers",
          "IsRestrictedByDeliveryMethod": false,
          "FooterTag": {
            "TagContent": null,
            "TagLink": null,
            "FallbackText": null,
            "TagType": "None",
            "MultibuyData": null
          },
          "IsFooterEnabled": true,
          "Diagnostics": "731",
          "IsBundle": false,
          "IsInFamily": false,
          "ChildProducts": [],
          "UrlOverride": null,
          "AdditionalAttributes": {
            "sapdepartmentname": "FRESH CONVENIENCE",
            "sapdepartmentno": "10",
            "sapcategoryname": "DELI CONVENIENCE",
            "sapcategoryno": "2",
            "sapsubcategoryname": "SALADS PREPACKED",
            "sapsubcategoryno": "265",
            "sapsegmentname": "GOURMET",
            "sapsegmentno": "1",
            "specialsgroupid": null,
            "PiesProductDepartmentNodeId": "1-E5BEE36E",
            "PiesProductDepartmentsjson": "[{\"Id\":\"1-E5BEE36E\",\"Description\":\"Fruit & Veg\"},{\"Id\":\"1_D5A2236\",\"Description\":\"Meat, Seafood & Deli\"},{\"Id\":\"1_6E4F4E4\",\"Description\":\"Dairy, Eggs & Fridge\"}]",
            "piesdepartmentnamesjson": "[\"Fruit & Veg\",\"Meat, Seafood & Deli\",\"Dairy, Eggs & Fridge\"]",
            "piescategorynamesjson": "[\"Salad\",\"Ready to Eat Meals\",\"Deli Specialities\"]",
            "piessubcategorynamesjson": "[\"Packaged Salads & Sides\",\"Prepared Salads\",\"Salads\"]",
            "servingsize-total-nip": null,
            "servingsperpack-total-nip": null,
            "microwaveable": "False",
            "ovencook": "False",
            "vegetarian": "False",
            "freezable": "False",
            "containsnuts": "False",
            "containsgluten": "False",
            "description": "<div>Our spin on a classic with white & black quinoa, diced red onion and tomato, fresh chopped parsley, roasted sun flower and pepita seeds for a bit of crunch all tossed in a fresh lemon dressing</div>",
            "ingredients": "Black Quinoa (26%), White Quinoa (22%), Tomato (13%), Parsley (12%), Water, Onion (7%), Vinegar, Canola Oil, Sugar, Water, Pepitas, Sunflower Seed, Salt, Lemon Juice Concentrate, Garlic, Pepper, Vegetable Gum (Xanthan Gum).",
            "nutritionalinformation": "{\"Name\":\"Nutritional Information\",\"Attributes\":[{\"Id\":705,\"Name\":\"Carbohydrate Quantity Per 100g - Total - NIP\",\"Value\":\"35.6g\",\"Description\":\"Carbohydrate Quantity Per 100g - Total - NIP\",\"SortOrder\":83},{\"Id\":706,\"Name\":\"Carbohydrate Quantity Per Serve - Total - NIP\",\"Value\":\"53.4g\",\"Description\":\"Carbohydrate Quantity Per Serve - Total - NIP\",\"SortOrder\":87},{\"Id\":759,\"Name\":\"Energy kJ Quantity Per 100g - Total - NIP\",\"Value\":\"1030KJ (245Cal)\",\"Description\":\"Energy kJ Quantity Per 100g - Total - NIP\",\"SortOrder\":239},{\"Id\":760,\"Name\":\"Energy kJ Quantity Per Serve - Total - NIP\",\"Value\":\"1540KJ (367Cal)\",\"Description\":\"Energy kJ Quantity Per Serve - Total - NIP\",\"SortOrder\":243},{\"Id\":253,\"Name\":\"Fat Saturated Quantity Per 100g - Total - NIP\",\"Value\":\"0.9g\",\"Description\":\"Fat Saturated Quantity Per 100g - Total - NIP\",\"SortOrder\":251},{\"Id\":258,\"Name\":\"Fat Saturated Quantity Per Serve - Total - NIP\",\"Value\":\"1.3g\",\"Description\":\"Fat Saturated Quantity Per Serve - Total - NIP\",\"SortOrder\":255},{\"Id\":764,\"Name\":\"Fat Total Quantity Per 100g - Total - NIP\",\"Value\":\"7.6g\",\"Description\":\"Fat Total Quantity Per 100g - Total - NIP\",\"SortOrder\":263},{\"Id\":264,\"Name\":\"Fat Total Quantity Per Serve - Total - NIP\",\"Value\":\"11.3g\",\"Description\":\"Fat Total Quantity Per Serve - Total - NIP\",\"SortOrder\":267},{\"Id\":878,\"Name\":\"Protein Quantity Per 100g - Total - NIP\",\"Value\":\"8.6g\",\"Description\":\"Protein Quantity Per 100g - Total - NIP\",\"SortOrder\":587},{\"Id\":882,\"Name\":\"Protein Quantity Per Serve - Total - NIP\",\"Value\":\"12.8g\",\"Description\":\"Protein Quantity Per Serve - Total - NIP\",\"SortOrder\":591},{\"Id\":477,\"Name\":\"Serving Size - Total - NIP\",\"Value\":\"150g\",\"Description\":\"Serving Size - Total - NIP\",\"SortOrder\":607},{\"Id\":544,\"Name\":\"Servings Per Pack - Total - NIP\",\"Value\":\"5\",\"Description\":\"Servings Per Pack - Total - NIP\",\"SortOrder\":611},{\"Id\":491,\"Name\":\"Sodium Quantity Per 100g - Total - NIP\",\"Value\":\"248mg\",\"Description\":\"Sodium Quantity Per 100g - Total - NIP\",\"SortOrder\":623},{\"Id\":495,\"Name\":\"Sodium Quantity Per Serve - Total - NIP\",\"Value\":\"372mg\",\"Description\":\"Sodium Quantity Per Serve - Total - NIP\",\"SortOrder\":627},{\"Id\":908,\"Name\":\"Sugars Quantity Per 100g - SuffixUnits - NIP\",\"Value\":\"g\",\"Description\":\"Sugars Quantity Per 100g - SuffixUnits - NIP\",\"SortOrder\":646},{\"Id\":909,\"Name\":\"Sugars Quantity Per 100g - Total - NIP\",\"Value\":\"2.6g\",\"Description\":\"Sugars Quantity Per 100g - Total - NIP\",\"SortOrder\":647},{\"Id\":910,\"Name\":\"Sugars Quantity Per 100g - ValueWord - NIP\",\"Value\":\"1\",\"Description\":\"Sugars Quantity Per 100g - ValueWord - NIP\",\"SortOrder\":648},{\"Id\":912,\"Name\":\"Sugars Quantity Per Serve - Total - NIP\",\"Value\":\"4.0g\",\"Description\":\"Sugars Quantity Per Serve - Total - NIP\",\"SortOrder\":651}]}",
            "storageinstructions": null,
            "usageinstructions": null,
            "brand": "the salad servers",
            "manufacturer": null,
            "countryoforigin": null,
            "productheightmm": null,
            "productwidthmm": null,
            "productdepthmm": null,
            "wool_productpackaging": null,
            "recyclableinformation": null,
            "importantinformation": null,
            "allergencontains": null,
            "allergenmaybepresent": "milk, egg, soy, crustacea, fish, sesame seeds, sulphites and tree nuts, Gluten",
            "allergystatement": "Wheat Free",
            "lifestyleanddietarystatement": "Source of Protein",
            "lifestyleclaim": "Plant Based",
            "wool_dietaryclaim": null,
            "boxedcontents": null,
            "suitablefor": null,
            "fragrance": null,
            "colour": null,
            "antioxidant": "False",
            "addedvitaminsandminerals": "False",
            "bpafree": "False",
            "sulfatefree": "False",
            "parabenfree": "False",
            "claims": null,
            "alcoholfree": null,
            "anti-dandruff": null,
            "dermatologicallyapproved": null,
            "dermatologistrecommended": null,
            "dermatologisttested": null,
            "fragrance-free": null,
            "haircolour": null,
            "hairtype": null,
            "hypo-allergenic": null,
            "non-comedogenic": null,
            "oilfree": null,
            "ophthalmologistapproved": null,
            "ophthalmologisttested": null,
            "paba-free": null,
            "skincondition": null,
            "skintype": null,
            "soap-free": null,
            "spf": null,
            "sweatresistant": null,
            "timer": null,
            "waterresistant": null,
            "phbalanced": null,
            "antiseptic": "False",
            "antibacterial": "False",
            "activeconstituents": null,
            "contains": null,
            "microwavesafe": "False",
            "productimagecount": "3",
            "friendlydisclaimer": null,
            "productimages": "664108.jpg,664108_1.jpg,664108_2.jpg",
            "healthstarrating": "0",
            "tgawarnings": null,
            "vendorarticleid": null,
            "vendorcostprice": null,
            "tgawarning": null
          },
          "DetailsImagePaths": [
            "https://cdn0.woolworths.media/content/wowproductimages/large/664108.jpg",
            "https://cdn0.woolworths.media/content/wowproductimages/large/664108_1.jpg",
            "https://cdn0.woolworths.media/content/wowproductimages/large/664108_2.jpg"
          ],
          "Variety": "tabbouleh",
          "Rating": {
            "ReviewCount": 0,
            "RatingCount": 0,
            "RatingSum": 0,
            "OneStarCount": 0,
            "TwoStarCount": 0,
            "ThreeStarCount": 0,
            "FourStarCount": 0,
            "FiveStarCount": 0,
            "Average": 0,
            "OneStarPercentage": 0,
            "TwoStarPercentage": 0,
            "ThreeStarPercentage": 0,
            "FourStarPercentage": 0,
            "FiveStarPercentage": 0
          },
          "HasProductSubs": false,
          "IsSponsoredAd": false,
          "AdID": null,
          "AdIndex": null,
          "ThirdPartyProductInfo": null,
          "MarketFeatures": null,
          "MarketSpecifications": null
        }
      ],
      "Name": "The Salad Servers Quinoa Tabbouleh"
    },
    {
      "Products": [
        {
          "TileID": 0,
          "Stockcode": 693040,
          "Barcode": "9349571000707",
          "GtinFormat": 13,
          "CupPrice": 4,
          "InstoreCupPrice": 4,
          "CupMeasure": "100G",
          "CupString": "$4.00 / 100G",
          "InstoreCupString": "$4.00 / 100G",
          "HasCupPrice": true,
          "InstoreHasCupPrice": true,
          "Price": 6,
          "InstorePrice": 6,
          "Name": "Ob Finest Date & Pistachio Specialty Cracker",
          "UrlFriendlyName": "ob-finest-date-pistachio-specialty-cracker",
          "Description": " Ob Finest Date & Pistachio<br>Specialty Cracker 150g",
          "SmallImageFile": "https://cdn0.woolworths.media/content/wowproductimages/small/693040.jpg",
          "MediumImageFile": "https://cdn0.woolworths.media/content/wowproductimages/medium/693040.jpg",
          "LargeImageFile": "https://cdn0.woolworths.media/content/wowproductimages/large/693040.jpg",
          "IsNew": false,
          "IsOnSpecial": false,
          "InstoreIsOnSpecial": false,
          "IsEdrSpecial": false,
          "SavingsAmount": 0,
          "InstoreSavingsAmount": 0,
          "WasPrice": 6,
          "InstoreWasPrice": 6,
          "QuantityInTrolley": 0,
          "Unit": "Each",
          "MinimumQuantity": 1,
          "HasBeenBoughtBefore": false,
          "IsInTrolley": false,
          "Source": "Aisle.MeatSeafoodDeli",
          "SupplyLimit": 36,
          "IsRanged": false,
          "IsInStock": true,
          "PackageSize": "150g",
          "IsPmDelivery": true,
          "IsForCollection": true,
          "IsForDelivery": true,
          "IsForExpress": false,
          "ProductRestrictionMessage": null,
          "ProductWarningMessage": null,
          "CentreTag": {
            "TagContent": "<span style=\"COLOR: #e2001a\"> Was $6.49 21/03/2017</span>",
            "TagLink": null,
            "FallbackText": null,
            "TagType": "Html",
            "MultibuyData": null
          },
          "IsCentreTag": true,
          "ImageTag": {
            "TagContent": null,
            "TagLink": null,
            "FallbackText": "",
            "TagType": "None",
            "MultibuyData": null
          },
          "HeaderTag": {
            "BackgroundColor": "#fff",
            "BorderColor": "#c20016",
            "TextColor": "#c20016",
            "Content": "<span class=\"u-semibold\">Prices dropped</span>",
            "TagLink": null,
            "Promotion": "PriceDropped"
          },
          "HasHeaderTag": true,
          "UnitWeightInGrams": 180,
          "SupplyLimitMessage": "'Ob Finest Date & Pistachio Specialty Cracker' has a supply limit of 36. The quantity in your cart has been reduced accordingly. To purchase a larger quantity, please contact us on 1800 000 610. Please note we do not supply trade orders.",
          "SmallFormatDescription": "Ob Finest Date & Pistachio Specialty Cracker",
          "FullDescription": "Ob Finest Date & Pistachio Specialty Cracker",
          "IsAvailable": true,
          "InstoreIsAvailable": true,
          "IsPurchasable": true,
          "InstoreIsPurchasable": true,
          "AgeRestricted": false,
          "DisplayQuantity": 1,
          "RichDescription": "As enthusiastic foodies, we are delighted to share with you some of our favourite recipes.\nOb Finest Specialty Crackers are crafted in small batches by our artisan bakers to enhance flavour and deliver a consistent crisp texture.\nOur Date & pistachio infusion not only makes for an appetizing and convenient snack, but they wonderfully complement an array of cheeses, dips and other condiments.\nBe inspired to entertain with Ob Finest",
          "IsDeliveryPass": false,
          "HideWasSavedPrice": false,
          "SapCategories": null,
          "Brand": "ob finest",
          "IsRestrictedByDeliveryMethod": false,
          "FooterTag": {
            "TagContent": "<div class=\"productTag-pricedropped\" style=\"\r\nheight:46px;\r\nposition:absolute;\r\ntop:-4px;\r\nleft:0;\r\nwidth:100%;\r\nbackground:white;\r\noutline: 1px solid #c20016;\r\ntext-align:center;\">\r\n\r\n<img src=\"https://cdn0.woolworths.media/content/content/pricedropped-footer-transparent.png\" width=\"204px\" height=\"16px\" alt=\"Price Dropped\" style=\"display:inline-block;margin-top:15px;max-width: 100%;\">\r\n</div>",
            "TagLink": null,
            "FallbackText": null,
            "TagType": "Html",
            "MultibuyData": null
          },
          "IsFooterEnabled": true,
          "Diagnostics": "732",
          "IsBundle": false,
          "IsInFamily": false,
          "ChildProducts": [],
          "UrlOverride": null,
          "AdditionalAttributes": {
            "sapdepartmentname": "FRESH CONVENIENCE",
            "sapdepartmentno": "10",
            "sapcategoryname": "DELI CONVENIENCE",
            "sapcategoryno": "2",
            "sapsubcategoryname": "SPECIALITY DELI",
            "sapsubcategoryno": "279",
            "sapsegmentname": "CRACKERS",
            "sapsegmentno": "3",
            "specialsgroupid": null,
            "PiesProductDepartmentNodeId": "1_D5A2236",
            "PiesProductDepartmentsjson": "[{\"Id\":\"1_D5A2236\",\"Description\":\"Meat, Seafood & Deli\"}]",
            "piesdepartmentnamesjson": "[\"Meat, Seafood & Deli\"]",
            "piescategorynamesjson": "[\"Deli Specialities\"]",
            "piessubcategorynamesjson": "[\"Dips & Pâté\"]",
            "servingsize-total-nip": null,
            "servingsperpack-total-nip": null,
            "microwaveable": "False",
            "ovencook": "False",
            "vegetarian": "False",
            "freezable": "False",
            "containsnuts": "False",
            "containsgluten": "False",
            "description": "As enthusiastic foodies, we are delighted to share with you some of our favourite recipes.\nOb Finest Specialty Crackers are crafted in small batches by our artisan bakers to enhance flavour and deliver a consistent crisp texture.\nOur Date & pistachio infusion not only makes for an appetizing and convenient snack, but they wonderfully complement an array of cheeses, dips and other condiments.\nBe inspired to entertain with Ob Finest",
            "ingredients": "Wheat Flour, Dates (14.5%) [Dates, Rice Flour], Flaxseeds, Raw Sugar, Honey, Pistachios (5.6%), Greek Yoghurt [Whole Milk, Cream, Live Cultures], Raising Agent (500), Salt",
            "nutritionalinformation": "{\"Name\":\"Nutritional Information\",\"Attributes\":[{\"Id\":705,\"Name\":\"Carbohydrate Quantity Per 100g - Total - NIP\",\"Value\":\"Approx. 65.1g\",\"Description\":\"Carbohydrate Quantity Per 100g - Total - NIP\",\"SortOrder\":83},{\"Id\":706,\"Name\":\"Carbohydrate Quantity Per Serve - Total - NIP\",\"Value\":\"Approx. 9.8g\",\"Description\":\"Carbohydrate Quantity Per Serve - Total - NIP\",\"SortOrder\":87},{\"Id\":759,\"Name\":\"Energy kJ Quantity Per 100g - Total - NIP\",\"Value\":\"Approx. 1720kJ\",\"Description\":\"Energy kJ Quantity Per 100g - Total - NIP\",\"SortOrder\":239},{\"Id\":760,\"Name\":\"Energy kJ Quantity Per Serve - Total - NIP\",\"Value\":\"Approx. 258kJ\",\"Description\":\"Energy kJ Quantity Per Serve - Total - NIP\",\"SortOrder\":243},{\"Id\":253,\"Name\":\"Fat Saturated Quantity Per 100g - Total - NIP\",\"Value\":\"Approx. 1.8g\",\"Description\":\"Fat Saturated Quantity Per 100g - Total - NIP\",\"SortOrder\":251},{\"Id\":258,\"Name\":\"Fat Saturated Quantity Per Serve - Total - NIP\",\"Value\":\"Approx. 0.3g\",\"Description\":\"Fat Saturated Quantity Per Serve - Total - NIP\",\"SortOrder\":255},{\"Id\":764,\"Name\":\"Fat Total Quantity Per 100g - Total - NIP\",\"Value\":\"Approx. 10.3g\",\"Description\":\"Fat Total Quantity Per 100g - Total - NIP\",\"SortOrder\":263},{\"Id\":264,\"Name\":\"Fat Total Quantity Per Serve - Total - NIP\",\"Value\":\"Approx. 1.5g\",\"Description\":\"Fat Total Quantity Per Serve - Total - NIP\",\"SortOrder\":267},{\"Id\":878,\"Name\":\"Protein Quantity Per 100g - Total - NIP\",\"Value\":\"Approx. 10.4g\",\"Description\":\"Protein Quantity Per 100g - Total - NIP\",\"SortOrder\":587},{\"Id\":882,\"Name\":\"Protein Quantity Per Serve - Total - NIP\",\"Value\":\"Approx. 1.6g\",\"Description\":\"Protein Quantity Per Serve - Total - NIP\",\"SortOrder\":591},{\"Id\":477,\"Name\":\"Serving Size - Total - NIP\",\"Value\":\"15g\",\"Description\":\"Serving Size - Total - NIP\",\"SortOrder\":607},{\"Id\":544,\"Name\":\"Servings Per Pack - Total - NIP\",\"Value\":\"10\",\"Description\":\"Servings Per Pack - Total - NIP\",\"SortOrder\":611},{\"Id\":491,\"Name\":\"Sodium Quantity Per 100g - Total - NIP\",\"Value\":\"Approx. 670mg\",\"Description\":\"Sodium Quantity Per 100g - Total - NIP\",\"SortOrder\":623},{\"Id\":495,\"Name\":\"Sodium Quantity Per Serve - Total - NIP\",\"Value\":\"Approx. 101mg\",\"Description\":\"Sodium Quantity Per Serve - Total - NIP\",\"SortOrder\":627},{\"Id\":907,\"Name\":\"Sugars Quantity Per 100g - Prefix - NIP\",\"Value\":\"Approx. \",\"Description\":\"Sugars Quantity Per 100g - Prefix - NIP\",\"SortOrder\":645},{\"Id\":908,\"Name\":\"Sugars Quantity Per 100g - SuffixUnits - NIP\",\"Value\":\"g\",\"Description\":\"Sugars Quantity Per 100g - SuffixUnits - NIP\",\"SortOrder\":646},{\"Id\":909,\"Name\":\"Sugars Quantity Per 100g - Total - NIP\",\"Value\":\"Approx. 28.8g\",\"Description\":\"Sugars Quantity Per 100g - Total - NIP\",\"SortOrder\":647},{\"Id\":910,\"Name\":\"Sugars Quantity Per 100g - ValueWord - NIP\",\"Value\":\"28.8\",\"Description\":\"Sugars Quantity Per 100g - ValueWord - NIP\",\"SortOrder\":648},{\"Id\":504,\"Name\":\"Sugars Quantity Per Serve - Prefix - NIP\",\"Value\":\"Approx. \",\"Description\":\"Sugars Quantity Per Serve - Prefix - NIP\",\"SortOrder\":649},{\"Id\":911,\"Name\":\"Sugars Quantity Per Serve - SuffixUnits - NIP\",\"Value\":\"g\",\"Description\":\"Sugars Quantity Per Serve - SuffixUnits - NIP\",\"SortOrder\":650},{\"Id\":912,\"Name\":\"Sugars Quantity Per Serve - Total - NIP\",\"Value\":\"Approx. 4.3g\",\"Description\":\"Sugars Quantity Per Serve - Total - NIP\",\"SortOrder\":651},{\"Id\":572,\"Name\":\"Sugars Quantity Per Serve - ValueWord - NIP\",\"Value\":\"4.3\",\"Description\":\"Sugars Quantity Per Serve - ValueWord - NIP\",\"SortOrder\":652}]}",
            "storageinstructions": null,
            "usageinstructions": null,
            "brand": "ob finest",
            "manufacturer": null,
            "countryoforigin": null,
            "productheightmm": null,
            "productwidthmm": null,
            "productdepthmm": null,
            "wool_productpackaging": null,
            "recyclableinformation": null,
            "importantinformation": null,
            "allergencontains": "Tree Nuts, Milk",
            "allergenmaybepresent": null,
            "allergystatement": "Soy Free",
            "lifestyleanddietarystatement": "Vegetarian",
            "lifestyleclaim": null,
            "wool_dietaryclaim": null,
            "boxedcontents": null,
            "suitablefor": null,
            "fragrance": null,
            "colour": null,
            "antioxidant": "False",
            "addedvitaminsandminerals": "False",
            "bpafree": "False",
            "sulfatefree": "False",
            "parabenfree": "False",
            "claims": null,
            "alcoholfree": null,
            "anti-dandruff": null,
            "dermatologicallyapproved": null,
            "dermatologistrecommended": null,
            "dermatologisttested": null,
            "fragrance-free": null,
            "haircolour": null,
            "hairtype": null,
            "hypo-allergenic": null,
            "non-comedogenic": null,
            "oilfree": null,
            "ophthalmologistapproved": null,
            "ophthalmologisttested": null,
            "paba-free": null,
            "skincondition": null,
            "skintype": null,
            "soap-free": null,
            "spf": null,
            "sweatresistant": null,
            "timer": null,
            "waterresistant": null,
            "phbalanced": null,
            "antiseptic": "False",
            "antibacterial": "False",
            "activeconstituents": null,
            "contains": null,
            "microwavesafe": "False",
            "productimagecount": "4",
            "friendlydisclaimer": null,
            "productimages": "693040.jpg,693040_1.jpg,693040_2.jpg,693040_6.jpg",
            "healthstarrating": "0",
            "tgawarnings": null,
            "vendorarticleid": null,
            "vendorcostprice": null,
            "tgawarning": null
          },
          "DetailsImagePaths": [
            "https://cdn0.woolworths.media/content/wowproductimages/large/693040.jpg",
            "https://cdn0.woolworths.media/content/wowproductimages/large/693040_1.jpg",
            "https://cdn0.woolworths.media/content/wowproductimages/large/693040_2.jpg",
            "https://cdn0.woolworths.media/content/wowproductimages/large/693040_6.jpg"
          ],
          "Variety": "specialty cracker",
          "Rating": {
            "ReviewCount": 0,
            "RatingCount": 0,
            "RatingSum": 0,
            "OneStarCount": 0,
            "TwoStarCount": 0,
            "ThreeStarCount": 0,
            "FourStarCount": 0,
            "FiveStarCount": 0,
            "Average": 0,
            "OneStarPercentage": 0,
            "TwoStarPercentage": 0,
            "ThreeStarPercentage": 0,
            "FourStarPercentage": 0,
            "FiveStarPercentage": 0
          },
          "HasProductSubs": false,
          "IsSponsoredAd": false,
          "AdID": null,
          "AdIndex": null,
          "ThirdPartyProductInfo": null,
          "MarketFeatures": null,
          "MarketSpecifications": null
        }
      ],
      "Name": "Ob Finest Date & Pistachio Specialty Cracker"
    },
    {
      "Products": [
        {
          "TileID": 0,
          "Stockcode": 706780,
          "Barcode": "5711953070716",
          "GtinFormat": 13,
          "CupPrice": 40,
          "InstoreCupPrice": 40,
          "CupMeasure": "1KG",
          "CupString": "$40.00 / 1KG",
          "InstoreCupString": "$40.00 / 1KG",
          "HasCupPrice": true,
          "InstoreHasCupPrice": true,
          "Price": 6,
          "InstorePrice": 6,
          "Name": "Castello Double Cream Chilli",
          "UrlFriendlyName": "castello-double-cream-chilli",
          "Description": " Castello Double Cream Chilli<br> 150g",
          "SmallImageFile": "https://cdn0.woolworths.media/content/wowproductimages/small/706780.jpg",
          "MediumImageFile": "https://cdn0.woolworths.media/content/wowproductimages/medium/706780.jpg",
          "LargeImageFile": "https://cdn0.woolworths.media/content/wowproductimages/large/706780.jpg",
          "IsNew": false,
          "IsOnSpecial": false,
          "InstoreIsOnSpecial": false,
          "IsEdrSpecial": false,
          "SavingsAmount": 0,
          "InstoreSavingsAmount": 0,
          "WasPrice": 6,
          "InstoreWasPrice": 6,
          "QuantityInTrolley": 0,
          "Unit": "Each",
          "MinimumQuantity": 1,
          "HasBeenBoughtBefore": false,
          "IsInTrolley": false,
          "Source": "Aisle.MeatSeafoodDeli",
          "SupplyLimit": 36,
          "IsRanged": false,
          "IsInStock": true,
          "PackageSize": "150g",
          "IsPmDelivery": true,
          "IsForCollection": true,
          "IsForDelivery": true,
          "IsForExpress": false,
          "ProductRestrictionMessage": null,
          "ProductWarningMessage": null,
          "CentreTag": {
            "TagContent": null,
            "TagLink": null,
            "FallbackText": null,
            "TagType": "None",
            "MultibuyData": null
          },
          "IsCentreTag": false,
          "ImageTag": {
            "TagContent": null,
            "TagLink": null,
            "FallbackText": "",
            "TagType": "None",
            "MultibuyData": null
          },
          "HeaderTag": null,
          "HasHeaderTag": false,
          "UnitWeightInGrams": 150,
          "SupplyLimitMessage": "'Castello Double Cream Chilli' has a supply limit of 36. The quantity in your cart has been reduced accordingly. To purchase a larger quantity, please contact us on 1800 000 610. Please note we do not supply trade orders.",
          "SmallFormatDescription": "Castello Double Cream Chilli ",
          "FullDescription": "Castello Double Cream Chilli ",
          "IsAvailable": true,
          "InstoreIsAvailable": true,
          "IsPurchasable": true,
          "InstoreIsPurchasable": true,
          "AgeRestricted": false,
          "DisplayQuantity": 1,
          "RichDescription": "The richness of a double cream brie combined with fiery red chilli flakes for a perfect blend of spicy flavour and creamy texture throughout. To enjoy this cheese at its best, remove from the fridge one hour before eating.",
          "IsDeliveryPass": false,
          "HideWasSavedPrice": false,
          "SapCategories": null,
          "Brand": "castello",
          "IsRestrictedByDeliveryMethod": false,
          "FooterTag": {
            "TagContent": null,
            "TagLink": null,
            "FallbackText": null,
            "TagType": "None",
            "MultibuyData": null
          },
          "IsFooterEnabled": true,
          "Diagnostics": "733",
          "IsBundle": false,
          "IsInFamily": false,
          "ChildProducts": [],
          "UrlOverride": null,
          "AdditionalAttributes": {
            "sapdepartmentname": "FRESH CONVENIENCE",
            "sapdepartmentno": "10",
            "sapcategoryname": "CHEESE ENTERTAINING",
            "sapcategoryno": "18",
            "sapsubcategoryname": "CHEESE ENTERTAINING",
            "sapsubcategoryno": "369",
            "sapsegmentname": "BRIE & CAMEMBERT",
            "sapsegmentno": "2",
            "specialsgroupid": null,
            "PiesProductDepartmentNodeId": "1_6E4F4E4",
            "PiesProductDepartmentsjson": "[{\"Id\":\"1_6E4F4E4\",\"Description\":\"Dairy, Eggs & Fridge\"},{\"Id\":\"1_D5A2236\",\"Description\":\"Meat, Seafood & Deli\"},{\"Id\":\"1_C4BB750\",\"Description\":\"Easter\"}]",
            "piesdepartmentnamesjson": "[\"Dairy, Eggs & Fridge\",\"Meat, Seafood & Deli\",\"Easter\"]",
            "piescategorynamesjson": "[\"Cheese\",\"Entertaining\",\"Deli Specialities\"]",
            "piessubcategorynamesjson": "[\"Soft Cheese\",\"Gourmet Cheese\",\"Cheese & Crackers\",\"Entertaining Cheese\"]",
            "servingsize-total-nip": null,
            "servingsperpack-total-nip": null,
            "microwaveable": "False",
            "ovencook": "False",
            "vegetarian": "False",
            "freezable": "False",
            "containsnuts": "False",
            "containsgluten": "False",
            "description": "The richness of a double cream brie combined with fiery red chilli flakes for a perfect blend of spicy flavour and creamy texture throughout. To enjoy this cheese at its best, remove from the fridge one hour before eating.",
            "ingredients": "Pasteurised Milk and Cream, Salt, Red Chilli (0.85%), Lactic Acid Culture, Non-Animal Rennet (Microbial), White Mould Culture",
            "nutritionalinformation": "{\"Name\":\"Nutritional Information\",\"Attributes\":[{\"Id\":705,\"Name\":\"Carbohydrate Quantity Per 100g - Total - NIP\",\"Value\":\"Approx. 0.7g\",\"Description\":\"Carbohydrate Quantity Per 100g - Total - NIP\",\"SortOrder\":83},{\"Id\":706,\"Name\":\"Carbohydrate Quantity Per Serve - Total - NIP\",\"Value\":\"Approx. 0.2g\",\"Description\":\"Carbohydrate Quantity Per Serve - Total - NIP\",\"SortOrder\":87},{\"Id\":759,\"Name\":\"Energy kJ Quantity Per 100g - Total - NIP\",\"Value\":\"Approx. 1700kJ\",\"Description\":\"Energy kJ Quantity Per 100g - Total - NIP\",\"SortOrder\":239},{\"Id\":760,\"Name\":\"Energy kJ Quantity Per Serve - Total - NIP\",\"Value\":\"Approx. 425kJ\",\"Description\":\"Energy kJ Quantity Per Serve - Total - NIP\",\"SortOrder\":243},{\"Id\":253,\"Name\":\"Fat Saturated Quantity Per 100g - Total - NIP\",\"Value\":\"Approx. 24.7g\",\"Description\":\"Fat Saturated Quantity Per 100g - Total - NIP\",\"SortOrder\":251},{\"Id\":258,\"Name\":\"Fat Saturated Quantity Per Serve - Total - NIP\",\"Value\":\"Approx. 6.2g\",\"Description\":\"Fat Saturated Quantity Per Serve - Total - NIP\",\"SortOrder\":255},{\"Id\":764,\"Name\":\"Fat Total Quantity Per 100g - Total - NIP\",\"Value\":\"Approx. 39g\",\"Description\":\"Fat Total Quantity Per 100g - Total - NIP\",\"SortOrder\":263},{\"Id\":264,\"Name\":\"Fat Total Quantity Per Serve - Total - NIP\",\"Value\":\"Approx. 9.8g\",\"Description\":\"Fat Total Quantity Per Serve - Total - NIP\",\"SortOrder\":267},{\"Id\":878,\"Name\":\"Protein Quantity Per 100g - Total - NIP\",\"Value\":\"Approx. 14.2g\",\"Description\":\"Protein Quantity Per 100g - Total - NIP\",\"SortOrder\":587},{\"Id\":882,\"Name\":\"Protein Quantity Per Serve - Total - NIP\",\"Value\":\"Approx. 3.6g\",\"Description\":\"Protein Quantity Per Serve - Total - NIP\",\"SortOrder\":591},{\"Id\":477,\"Name\":\"Serving Size - Total - NIP\",\"Value\":\"25g\",\"Description\":\"Serving Size - Total - NIP\",\"SortOrder\":607},{\"Id\":544,\"Name\":\"Servings Per Pack - Total - NIP\",\"Value\":\"6\",\"Description\":\"Servings Per Pack - Total - NIP\",\"SortOrder\":611},{\"Id\":491,\"Name\":\"Sodium Quantity Per 100g - Total - NIP\",\"Value\":\"Approx. 600mg\",\"Description\":\"Sodium Quantity Per 100g - Total - NIP\",\"SortOrder\":623},{\"Id\":495,\"Name\":\"Sodium Quantity Per Serve - Total - NIP\",\"Value\":\"Approx. 150mg\",\"Description\":\"Sodium Quantity Per Serve - Total - NIP\",\"SortOrder\":627},{\"Id\":907,\"Name\":\"Sugars Quantity Per 100g - Prefix - NIP\",\"Value\":\"Approx. \",\"Description\":\"Sugars Quantity Per 100g - Prefix - NIP\",\"SortOrder\":645},{\"Id\":908,\"Name\":\"Sugars Quantity Per 100g - SuffixUnits - NIP\",\"Value\":\"g\",\"Description\":\"Sugars Quantity Per 100g - SuffixUnits - NIP\",\"SortOrder\":646},{\"Id\":909,\"Name\":\"Sugars Quantity Per 100g - Total - NIP\",\"Value\":\"Approx. 0.4g\",\"Description\":\"Sugars Quantity Per 100g - Total - NIP\",\"SortOrder\":647},{\"Id\":910,\"Name\":\"Sugars Quantity Per 100g - ValueWord - NIP\",\"Value\":\"0.4\",\"Description\":\"Sugars Quantity Per 100g - ValueWord - NIP\",\"SortOrder\":648},{\"Id\":504,\"Name\":\"Sugars Quantity Per Serve - Prefix - NIP\",\"Value\":\"Approx. \",\"Description\":\"Sugars Quantity Per Serve - Prefix - NIP\",\"SortOrder\":649},{\"Id\":911,\"Name\":\"Sugars Quantity Per Serve - SuffixUnits - NIP\",\"Value\":\"g\",\"Description\":\"Sugars Quantity Per Serve - SuffixUnits - NIP\",\"SortOrder\":650},{\"Id\":912,\"Name\":\"Sugars Quantity Per Serve - Total - NIP\",\"Value\":\"Approx. 0.1g\",\"Description\":\"Sugars Quantity Per Serve - Total - NIP\",\"SortOrder\":651},{\"Id\":572,\"Name\":\"Sugars Quantity Per Serve - ValueWord - NIP\",\"Value\":\"0.1\",\"Description\":\"Sugars Quantity Per Serve - ValueWord - NIP\",\"SortOrder\":652}]}",
            "storageinstructions": "Keep Refrigerated",
            "usageinstructions": null,
            "brand": "castello",
            "manufacturer": null,
            "countryoforigin": null,
            "productheightmm": null,
            "productwidthmm": null,
            "productdepthmm": null,
            "wool_productpackaging": null,
            "recyclableinformation": null,
            "importantinformation": null,
            "allergencontains": "Milk",
            "allergenmaybepresent": null,
            "allergystatement": "Fish Free",
            "lifestyleanddietarystatement": "Low Sugar",
            "lifestyleclaim": null,
            "wool_dietaryclaim": null,
            "boxedcontents": null,
            "suitablefor": null,
            "fragrance": null,
            "colour": null,
            "antioxidant": "False",
            "addedvitaminsandminerals": "False",
            "bpafree": "False",
            "sulfatefree": "False",
            "parabenfree": "False",
            "claims": null,
            "alcoholfree": null,
            "anti-dandruff": null,
            "dermatologicallyapproved": null,
            "dermatologistrecommended": null,
            "dermatologisttested": null,
            "fragrance-free": null,
            "haircolour": null,
            "hairtype": null,
            "hypo-allergenic": null,
            "non-comedogenic": null,
            "oilfree": null,
            "ophthalmologistapproved": null,
            "ophthalmologisttested": null,
            "paba-free": null,
            "skincondition": null,
            "skintype": null,
            "soap-free": null,
            "spf": null,
            "sweatresistant": null,
            "timer": null,
            "waterresistant": null,
            "phbalanced": null,
            "antiseptic": "False",
            "antibacterial": "False",
            "activeconstituents": null,
            "contains": null,
            "microwavesafe": "False",
            "productimagecount": "4",
            "friendlydisclaimer": null,
            "productimages": "706780.jpg,706780_1.jpg,706780_2.jpg,706780_6.jpg",
            "healthstarrating": "0",
            "tgawarnings": null,
            "vendorarticleid": null,
            "vendorcostprice": null,
            "tgawarning": null
          },
          "DetailsImagePaths": [
            "https://cdn0.woolworths.media/content/wowproductimages/large/706780.jpg",
            "https://cdn0.woolworths.media/content/wowproductimages/large/706780_1.jpg",
            "https://cdn0.woolworths.media/content/wowproductimages/large/706780_2.jpg",
            "https://cdn0.woolworths.media/content/wowproductimages/large/706780_6.jpg"
          ],
          "Variety": null,
          "Rating": {
            "ReviewCount": 0,
            "RatingCount": 0,
            "RatingSum": 0,
            "OneStarCount": 0,
            "TwoStarCount": 0,
            "ThreeStarCount": 0,
            "FourStarCount": 0,
            "FiveStarCount": 0,
            "Average": 0,
            "OneStarPercentage": 0,
            "TwoStarPercentage": 0,
            "ThreeStarPercentage": 0,
            "FourStarPercentage": 0,
            "FiveStarPercentage": 0
          },
          "HasProductSubs": false,
          "IsSponsoredAd": false,
          "AdID": null,
          "AdIndex": null,
          "ThirdPartyProductInfo": null,
          "MarketFeatures": null,
          "MarketSpecifications": null
        }
      ],
      "Name": "Castello Double Cream Chilli"
    },
    {
      "Products": [
        {
          "TileID": 0,
          "Stockcode": 726230,
          "Barcode": "9316389001615",
          "GtinFormat": 13,
          "CupPrice": 33.33,
          "InstoreCupPrice": 33.33,
          "CupMeasure": "1KG",
          "CupString": "$33.33 / 1KG",
          "InstoreCupString": "$33.33 / 1KG",
          "HasCupPrice": true,
          "InstoreHasCupPrice": true,
          "Price": 6,
          "InstorePrice": 6,
          "Name": "Lemnos Haloumi Salt Reduced",
          "UrlFriendlyName": "lemnos-haloumi-salt-reduced",
          "Description": " Lemnos Haloumi Salt Reduced  180g",
          "SmallImageFile": "https://cdn0.woolworths.media/content/wowproductimages/small/726230.jpg",
          "MediumImageFile": "https://cdn0.woolworths.media/content/wowproductimages/medium/726230.jpg",
          "LargeImageFile": "https://cdn0.woolworths.media/content/wowproductimages/large/726230.jpg",
          "IsNew": false,
          "IsOnSpecial": false,
          "InstoreIsOnSpecial": false,
          "IsEdrSpecial": false,
          "SavingsAmount": 0,
          "InstoreSavingsAmount": 0,
          "WasPrice": 6,
          "InstoreWasPrice": 6,
          "QuantityInTrolley": 0,
          "Unit": "Each",
          "MinimumQuantity": 1,
          "HasBeenBoughtBefore": false,
          "IsInTrolley": false,
          "Source": "Aisle.MeatSeafoodDeli",
          "SupplyLimit": 36,
          "IsRanged": false,
          "IsInStock": true,
          "PackageSize": "180g",
          "IsPmDelivery": true,
          "IsForCollection": true,
          "IsForDelivery": true,
          "IsForExpress": false,
          "ProductRestrictionMessage": null,
          "ProductWarningMessage": null,
          "CentreTag": {
            "TagContent": "<span style=\"COLOR: #e2001a\"> Was $ 6.98 26/09/2016</span>",
            "TagLink": null,
            "FallbackText": null,
            "TagType": "Html",
            "MultibuyData": null
          },
          "IsCentreTag": true,
          "ImageTag": {
            "TagContent": null,
            "TagLink": null,
            "FallbackText": "",
            "TagType": "None",
            "MultibuyData": null
          },
          "HeaderTag": {
            "BackgroundColor": "#fff",
            "BorderColor": "#c20016",
            "TextColor": "#c20016",
            "Content": "<span class=\"u-semibold\">Prices dropped</span>",
            "TagLink": null,
            "Promotion": "PriceDropped"
          },
          "HasHeaderTag": true,
          "UnitWeightInGrams": 185,
          "SupplyLimitMessage": "'Lemnos Haloumi Salt Reduced' has a supply limit of 36. The quantity in your cart has been reduced accordingly. To purchase a larger quantity, please contact us on 1800 000 610. Please note we do not supply trade orders.",
          "SmallFormatDescription": "Lemnos Haloumi Salt Reduced ",
          "FullDescription": "Lemnos Haloumi Salt Reduced ",
          "IsAvailable": true,
          "InstoreIsAvailable": true,
          "IsPurchasable": true,
          "InstoreIsPurchasable": true,
          "AgeRestricted": false,
          "DisplayQuantity": 1,
          "RichDescription": "Lemnos Haloumi Cyprus Style Cheese is suitable for vegetarians.<BR><BR><p>Vacuum sealed for freshness.</p><p>- No artificial flavours.</p><p>- No preservatives.</p><p>'Mediterranean Lifestyle'.</p><p>Salt reduced 25% less (this product contains 25% less Sodium than Lemnos Haloumi Cheese)</p>",
          "IsDeliveryPass": false,
          "HideWasSavedPrice": false,
          "SapCategories": null,
          "Brand": "lemnos",
          "IsRestrictedByDeliveryMethod": false,
          "FooterTag": {
            "TagContent": "<div class=\"productTag-pricedropped\" style=\"\r\nheight:46px;\r\nposition:absolute;\r\ntop:-4px;\r\nleft:0;\r\nwidth:100%;\r\nbackground:white;\r\noutline: 1px solid #c20016;\r\ntext-align:center;\">\r\n\r\n<img src=\"https://cdn0.woolworths.media/content/content/pricedropped-footer-transparent.png\" width=\"204px\" height=\"16px\" alt=\"Price Dropped\" style=\"display:inline-block;margin-top:15px;max-width: 100%;\">\r\n</div>",
            "TagLink": null,
            "FallbackText": null,
            "TagType": "Html",
            "MultibuyData": null
          },
          "IsFooterEnabled": true,
          "Diagnostics": "734",
          "IsBundle": false,
          "IsInFamily": false,
          "ChildProducts": [],
          "UrlOverride": null,
          "AdditionalAttributes": {
            "sapdepartmentname": "FRESH CONVENIENCE",
            "sapdepartmentno": "10",
            "sapcategoryname": "CHEESE COOKING",
            "sapcategoryno": "39",
            "sapsubcategoryname": "CHEESE COOKING",
            "sapsubcategoryno": "360",
            "sapsegmentname": "HALOUMI",
            "sapsegmentno": "6",
            "specialsgroupid": null,
            "PiesProductDepartmentNodeId": "1_D5A2236",
            "PiesProductDepartmentsjson": "[{\"Id\":\"1_D5A2236\",\"Description\":\"Meat, Seafood & Deli\"},{\"Id\":\"1_6E4F4E4\",\"Description\":\"Dairy, Eggs & Fridge\"}]",
            "piesdepartmentnamesjson": "[\"Meat, Seafood & Deli\",\"Dairy, Eggs & Fridge\"]",
            "piescategorynamesjson": "[\"Cheese\",\"Deli Specialities\"]",
            "piessubcategorynamesjson": "[\"Cooking Cheese\",\"Gourmet Cheese\"]",
            "servingsize-total-nip": null,
            "servingsperpack-total-nip": null,
            "microwaveable": "False",
            "ovencook": "False",
            "vegetarian": "False",
            "freezable": "False",
            "containsnuts": "False",
            "containsgluten": "False",
            "description": "Lemnos Haloumi Cyprus Style Cheese is suitable for vegetarians.<BR><BR><p>Vacuum sealed for freshness.</p><p>- No artificial flavours.</p><p>- No preservatives.</p><p>'Mediterranean Lifestyle'.</p><p>Salt reduced 25% less (this product contains 25% less Sodium than Lemnos Haloumi Cheese)</p>",
            "ingredients": "Pasteurised Cow's Milk, Salt, Microbial (Non-Animal) Rennet.",
            "nutritionalinformation": "{\"Name\":\"Nutritional Information\",\"Attributes\":[{\"Id\":705,\"Name\":\"Carbohydrate Quantity Per 100g - Total - NIP\",\"Value\":\"5.1g\",\"Description\":\"Carbohydrate Quantity Per 100g - Total - NIP\",\"SortOrder\":83},{\"Id\":706,\"Name\":\"Carbohydrate Quantity Per Serve - Total - NIP\",\"Value\":\"1.5g\",\"Description\":\"Carbohydrate Quantity Per Serve - Total - NIP\",\"SortOrder\":87},{\"Id\":759,\"Name\":\"Energy kJ Quantity Per 100g - Total - NIP\",\"Value\":\"1415kJ\",\"Description\":\"Energy kJ Quantity Per 100g - Total - NIP\",\"SortOrder\":239},{\"Id\":760,\"Name\":\"Energy kJ Quantity Per Serve - Total - NIP\",\"Value\":\"425kJ\",\"Description\":\"Energy kJ Quantity Per Serve - Total - NIP\",\"SortOrder\":243},{\"Id\":253,\"Name\":\"Fat Saturated Quantity Per 100g - Total - NIP\",\"Value\":\"17.7g\",\"Description\":\"Fat Saturated Quantity Per 100g - Total - NIP\",\"SortOrder\":251},{\"Id\":258,\"Name\":\"Fat Saturated Quantity Per Serve - Total - NIP\",\"Value\":\"5.3g\",\"Description\":\"Fat Saturated Quantity Per Serve - Total - NIP\",\"SortOrder\":255},{\"Id\":764,\"Name\":\"Fat Total Quantity Per 100g - Total - NIP\",\"Value\":\"26.7g\",\"Description\":\"Fat Total Quantity Per 100g - Total - NIP\",\"SortOrder\":263},{\"Id\":264,\"Name\":\"Fat Total Quantity Per Serve - Total - NIP\",\"Value\":\"8.0g\",\"Description\":\"Fat Total Quantity Per Serve - Total - NIP\",\"SortOrder\":267},{\"Id\":878,\"Name\":\"Protein Quantity Per 100g - Total - NIP\",\"Value\":\"20.0g\",\"Description\":\"Protein Quantity Per 100g - Total - NIP\",\"SortOrder\":587},{\"Id\":882,\"Name\":\"Protein Quantity Per Serve - Total - NIP\",\"Value\":\"6.0g\",\"Description\":\"Protein Quantity Per Serve - Total - NIP\",\"SortOrder\":591},{\"Id\":477,\"Name\":\"Serving Size - Total - NIP\",\"Value\":\"30g\",\"Description\":\"Serving Size - Total - NIP\",\"SortOrder\":607},{\"Id\":544,\"Name\":\"Servings Per Pack - Total - NIP\",\"Value\":\"6\",\"Description\":\"Servings Per Pack - Total - NIP\",\"SortOrder\":611},{\"Id\":491,\"Name\":\"Sodium Quantity Per 100g - Total - NIP\",\"Value\":\"1001mg\",\"Description\":\"Sodium Quantity Per 100g - Total - NIP\",\"SortOrder\":623},{\"Id\":495,\"Name\":\"Sodium Quantity Per Serve - Total - NIP\",\"Value\":\"300mg\",\"Description\":\"Sodium Quantity Per Serve - Total - NIP\",\"SortOrder\":627},{\"Id\":907,\"Name\":\"Sugars Quantity Per 100g - Prefix - NIP\",\"Value\":\"<\",\"Description\":\"Sugars Quantity Per 100g - Prefix - NIP\",\"SortOrder\":645},{\"Id\":908,\"Name\":\"Sugars Quantity Per 100g - SuffixUnits - NIP\",\"Value\":\"g\",\"Description\":\"Sugars Quantity Per 100g - SuffixUnits - NIP\",\"SortOrder\":646},{\"Id\":909,\"Name\":\"Sugars Quantity Per 100g - Total - NIP\",\"Value\":\"<1g\",\"Description\":\"Sugars Quantity Per 100g - Total - NIP\",\"SortOrder\":647},{\"Id\":910,\"Name\":\"Sugars Quantity Per 100g - ValueWord - NIP\",\"Value\":\"1\",\"Description\":\"Sugars Quantity Per 100g - ValueWord - NIP\",\"SortOrder\":648},{\"Id\":504,\"Name\":\"Sugars Quantity Per Serve - Prefix - NIP\",\"Value\":\"<\",\"Description\":\"Sugars Quantity Per Serve - Prefix - NIP\",\"SortOrder\":649},{\"Id\":911,\"Name\":\"Sugars Quantity Per Serve - SuffixUnits - NIP\",\"Value\":\"g\",\"Description\":\"Sugars Quantity Per Serve - SuffixUnits - NIP\",\"SortOrder\":650},{\"Id\":912,\"Name\":\"Sugars Quantity Per Serve - Total - NIP\",\"Value\":\"<1g\",\"Description\":\"Sugars Quantity Per Serve - Total - NIP\",\"SortOrder\":651},{\"Id\":572,\"Name\":\"Sugars Quantity Per Serve - ValueWord - NIP\",\"Value\":\"1\",\"Description\":\"Sugars Quantity Per Serve - ValueWord - NIP\",\"SortOrder\":652}]}",
            "storageinstructions": "Keep refrigerated at 1°C - 5°C. Consume within 3 days of opening.",
            "usageinstructions": null,
            "brand": "lemnos",
            "manufacturer": null,
            "countryoforigin": null,
            "productheightmm": null,
            "productwidthmm": null,
            "productdepthmm": null,
            "wool_productpackaging": null,
            "recyclableinformation": null,
            "importantinformation": null,
            "allergencontains": "Milk",
            "allergenmaybepresent": "Almonds, Peanuts, Tree Nuts",
            "allergystatement": "No Artificial Colours or Flavours",
            "lifestyleanddietarystatement": "Source of Protein",
            "lifestyleclaim": "Halal",
            "wool_dietaryclaim": null,
            "boxedcontents": null,
            "suitablefor": null,
            "fragrance": null,
            "colour": null,
            "antioxidant": "False",
            "addedvitaminsandminerals": "False",
            "bpafree": "False",
            "sulfatefree": "False",
            "parabenfree": "False",
            "claims": null,
            "alcoholfree": null,
            "anti-dandruff": null,
            "dermatologicallyapproved": null,
            "dermatologistrecommended": null,
            "dermatologisttested": null,
            "fragrance-free": null,
            "haircolour": null,
            "hairtype": null,
            "hypo-allergenic": null,
            "non-comedogenic": null,
            "oilfree": null,
            "ophthalmologistapproved": null,
            "ophthalmologisttested": null,
            "paba-free": null,
            "skincondition": null,
            "skintype": null,
            "soap-free": null,
            "spf": null,
            "sweatresistant": null,
            "timer": null,
            "waterresistant": null,
            "phbalanced": null,
            "antiseptic": "False",
            "antibacterial": "False",
            "activeconstituents": null,
            "contains": null,
            "microwavesafe": "False",
            "productimagecount": "3",
            "friendlydisclaimer": null,
            "productimages": "726230.jpg,726230_1.jpg,726230_3.jpg",
            "healthstarrating": "0",
            "tgawarnings": null,
            "vendorarticleid": null,
            "vendorcostprice": null,
            "tgawarning": null
          },
          "DetailsImagePaths": [
            "https://cdn0.woolworths.media/content/wowproductimages/large/726230.jpg",
            "https://cdn0.woolworths.media/content/wowproductimages/large/726230_1.jpg",
            "https://cdn0.woolworths.media/content/wowproductimages/large/726230_3.jpg"
          ],
          "Variety": null,
          "Rating": {
            "ReviewCount": 0,
            "RatingCount": 0,
            "RatingSum": 0,
            "OneStarCount": 0,
            "TwoStarCount": 0,
            "ThreeStarCount": 0,
            "FourStarCount": 0,
            "FiveStarCount": 0,
            "Average": 0,
            "OneStarPercentage": 0,
            "TwoStarPercentage": 0,
            "ThreeStarPercentage": 0,
            "FourStarPercentage": 0,
            "FiveStarPercentage": 0
          },
          "HasProductSubs": false,
          "IsSponsoredAd": false,
          "AdID": null,
          "AdIndex": null,
          "ThirdPartyProductInfo": null,
          "MarketFeatures": null,
          "MarketSpecifications": null
        }
      ],
      "Name": "Lemnos Haloumi Salt Reduced"
    },
    {
      "Products": [
        {
          "TileID": 0,
          "Stockcode": 772577,
          "Barcode": "9323015005435",
          "GtinFormat": 13,
          "CupPrice": 16.67,
          "InstoreCupPrice": 16.67,
          "CupMeasure": "1KG",
          "CupString": "$16.67 / 1KG",
          "InstoreCupString": "$16.67 / 1KG",
          "HasCupPrice": true,
          "InstoreHasCupPrice": true,
          "Price": 6,
          "InstorePrice": 6,
          "Name": "Ocean Chef Squid Salt & Pepper",
          "UrlFriendlyName": "ocean-chef-squid-salt-pepper",
          "Description": " Ocean Chef Squid Salt &<br>Pepper 360g",
          "SmallImageFile": "https://cdn0.woolworths.media/content/wowproductimages/small/772577.jpg",
          "MediumImageFile": "https://cdn0.woolworths.media/content/wowproductimages/medium/772577.jpg",
          "LargeImageFile": "https://cdn0.woolworths.media/content/wowproductimages/large/772577.jpg",
          "IsNew": false,
          "IsOnSpecial": false,
          "InstoreIsOnSpecial": false,
          "IsEdrSpecial": false,
          "SavingsAmount": 0,
          "InstoreSavingsAmount": 0,
          "WasPrice": 6,
          "InstoreWasPrice": 6,
          "QuantityInTrolley": 0,
          "Unit": "Each",
          "MinimumQuantity": 1,
          "HasBeenBoughtBefore": false,
          "IsInTrolley": false,
          "Source": "Aisle.MeatSeafoodDeli",
          "SupplyLimit": 36,
          "IsRanged": false,
          "IsInStock": true,
          "PackageSize": "360g",
          "IsPmDelivery": true,
          "IsForCollection": true,
          "IsForDelivery": true,
          "IsForExpress": false,
          "ProductRestrictionMessage": null,
          "ProductWarningMessage": null,
          "CentreTag": {
            "TagContent": null,
            "TagLink": null,
            "FallbackText": null,
            "TagType": "None",
            "MultibuyData": null
          },
          "IsCentreTag": false,
          "ImageTag": {
            "TagContent": null,
            "TagLink": null,
            "FallbackText": "",
            "TagType": "None",
            "MultibuyData": null
          },
          "HeaderTag": null,
          "HasHeaderTag": false,
          "UnitWeightInGrams": 360,
          "SupplyLimitMessage": "'Ocean Chef Squid Salt & Pepper' has a supply limit of 36. The quantity in your cart has been reduced accordingly. To purchase a larger quantity, please contact us on 1800 000 610. Please note we do not supply trade orders.",
          "SmallFormatDescription": "Ocean Chef Squid Salt & Pepper",
          "FullDescription": "Ocean Chef Squid Salt & Pepper",
          "IsAvailable": true,
          "InstoreIsAvailable": true,
          "IsPurchasable": true,
          "InstoreIsPurchasable": true,
          "AgeRestricted": false,
          "DisplayQuantity": 1,
          "RichDescription": "Ocean Chef Salt & Pepper Squid an easy to prepare delicious squid rings coated in crunchy, salt and pepper crumb for the ultimate satisfaction.",
          "IsDeliveryPass": false,
          "HideWasSavedPrice": false,
          "SapCategories": null,
          "Brand": "ocean chef",
          "IsRestrictedByDeliveryMethod": false,
          "FooterTag": {
            "TagContent": null,
            "TagLink": null,
            "FallbackText": null,
            "TagType": "None",
            "MultibuyData": null
          },
          "IsFooterEnabled": true,
          "Diagnostics": "735",
          "IsBundle": false,
          "IsInFamily": false,
          "ChildProducts": [],
          "UrlOverride": null,
          "AdditionalAttributes": {
            "sapdepartmentname": "FRESH CONVENIENCE",
            "sapdepartmentno": "10",
            "sapcategoryname": "SEAFOOD CONVENIENCE",
            "sapcategoryno": "9",
            "sapsubcategoryname": "FROZEN SEAFOOD SELF SERVE",
            "sapsubcategoryno": "412",
            "sapsegmentname": "SQUID",
            "sapsegmentno": "14",
            "specialsgroupid": null,
            "PiesProductDepartmentNodeId": "1_ACA2FC2",
            "PiesProductDepartmentsjson": "[{\"Id\":\"1_ACA2FC2\",\"Description\":\"Freezer\"},{\"Id\":\"1_D5A2236\",\"Description\":\"Meat, Seafood & Deli\"}]",
            "piesdepartmentnamesjson": "[\"Freezer\",\"Meat, Seafood & Deli\"]",
            "piescategorynamesjson": "[\"Frozen Seafood\",\"Seafood\"]",
            "piessubcategorynamesjson": "[\"Prepacked Seafood\",\"Deli Seafood\",\"Frozen Seafood\"]",
            "servingsize-total-nip": null,
            "servingsperpack-total-nip": null,
            "microwaveable": "False",
            "ovencook": "False",
            "vegetarian": "False",
            "freezable": "False",
            "containsnuts": "False",
            "containsgluten": "False",
            "description": "Ocean Chef Salt & Pepper Squid an easy to prepare delicious squid rings coated in crunchy, salt and pepper crumb for the ultimate satisfaction.",
            "ingredients": "Squid(75%), Wheat Flour, Vegetable Oil(Soy), Water, Corn Starch, Stabiliser (1422), Salt (1.5%), Sugar, Pepper(1%), Spices, Raising Agent(450, 500), Dextrose, Flacour, Yeast, Flavour Enhancer(627, 631), Soy Protein Isolate. ",
            "nutritionalinformation": "{\"Name\":\"Nutritional Information\",\"Attributes\":[{\"Id\":705,\"Name\":\"Carbohydrate Quantity Per 100g - Total - NIP\",\"Value\":\"8.1g\",\"Description\":\"Carbohydrate Quantity Per 100g - Total - NIP\",\"SortOrder\":83},{\"Id\":706,\"Name\":\"Carbohydrate Quantity Per Serve - Total - NIP\",\"Value\":\"9.7g\",\"Description\":\"Carbohydrate Quantity Per Serve - Total - NIP\",\"SortOrder\":87},{\"Id\":760,\"Name\":\"Energy kJ Quantity Per Serve - Total - NIP\",\"Value\":\"935kJ(223Cal)\",\"Description\":\"Energy kJ Quantity Per Serve - Total - NIP\",\"SortOrder\":243},{\"Id\":253,\"Name\":\"Fat Saturated Quantity Per 100g - Total - NIP\",\"Value\":\"<1.0g\",\"Description\":\"Fat Saturated Quantity Per 100g - Total - NIP\",\"SortOrder\":251},{\"Id\":258,\"Name\":\"Fat Saturated Quantity Per Serve - Total - NIP\",\"Value\":\"<1.0g\",\"Description\":\"Fat Saturated Quantity Per Serve - Total - NIP\",\"SortOrder\":255},{\"Id\":764,\"Name\":\"Fat Total Quantity Per 100g - Total - NIP\",\"Value\":\"13.1g\",\"Description\":\"Fat Total Quantity Per 100g - Total - NIP\",\"SortOrder\":263},{\"Id\":264,\"Name\":\"Fat Total Quantity Per Serve - Total - NIP\",\"Value\":\"15.7g\",\"Description\":\"Fat Total Quantity Per Serve - Total - NIP\",\"SortOrder\":267},{\"Id\":878,\"Name\":\"Protein Quantity Per 100g - Total - NIP\",\"Value\":\"9.2g\",\"Description\":\"Protein Quantity Per 100g - Total - NIP\",\"SortOrder\":587},{\"Id\":882,\"Name\":\"Protein Quantity Per Serve - Total - NIP\",\"Value\":\"11.0g\",\"Description\":\"Protein Quantity Per Serve - Total - NIP\",\"SortOrder\":591},{\"Id\":477,\"Name\":\"Serving Size - Total - NIP\",\"Value\":\"120g(7 pieces approx.)\",\"Description\":\"Serving Size - Total - NIP\",\"SortOrder\":607},{\"Id\":544,\"Name\":\"Servings Per Pack - Total - NIP\",\"Value\":\"3\",\"Description\":\"Servings Per Pack - Total - NIP\",\"SortOrder\":611},{\"Id\":491,\"Name\":\"Sodium Quantity Per 100g - Total - NIP\",\"Value\":\"663mg\",\"Description\":\"Sodium Quantity Per 100g - Total - NIP\",\"SortOrder\":623},{\"Id\":495,\"Name\":\"Sodium Quantity Per Serve - Total - NIP\",\"Value\":\"763mg\",\"Description\":\"Sodium Quantity Per Serve - Total - NIP\",\"SortOrder\":627},{\"Id\":907,\"Name\":\"Sugars Quantity Per 100g - Prefix - NIP\",\"Value\":\"<\",\"Description\":\"Sugars Quantity Per 100g - Prefix - NIP\",\"SortOrder\":645},{\"Id\":908,\"Name\":\"Sugars Quantity Per 100g - SuffixUnits - NIP\",\"Value\":\"g\",\"Description\":\"Sugars Quantity Per 100g - SuffixUnits - NIP\",\"SortOrder\":646},{\"Id\":909,\"Name\":\"Sugars Quantity Per 100g - Total - NIP\",\"Value\":\"<1.0g\",\"Description\":\"Sugars Quantity Per 100g - Total - NIP\",\"SortOrder\":647},{\"Id\":910,\"Name\":\"Sugars Quantity Per 100g - ValueWord - NIP\",\"Value\":\"1.0\",\"Description\":\"Sugars Quantity Per 100g - ValueWord - NIP\",\"SortOrder\":648},{\"Id\":504,\"Name\":\"Sugars Quantity Per Serve - Prefix - NIP\",\"Value\":\"<\",\"Description\":\"Sugars Quantity Per Serve - Prefix - NIP\",\"SortOrder\":649},{\"Id\":911,\"Name\":\"Sugars Quantity Per Serve - SuffixUnits - NIP\",\"Value\":\"g\",\"Description\":\"Sugars Quantity Per Serve - SuffixUnits - NIP\",\"SortOrder\":650},{\"Id\":912,\"Name\":\"Sugars Quantity Per Serve - Total - NIP\",\"Value\":\"<1.0g\",\"Description\":\"Sugars Quantity Per Serve - Total - NIP\",\"SortOrder\":651},{\"Id\":572,\"Name\":\"Sugars Quantity Per Serve - ValueWord - NIP\",\"Value\":\"1.0\",\"Description\":\"Sugars Quantity Per Serve - ValueWord - NIP\",\"SortOrder\":652}]}",
            "storageinstructions": "Keep frozen. Store or below minus 18C. Do not refreeze.",
            "usageinstructions": null,
            "brand": "ocean chef",
            "manufacturer": null,
            "countryoforigin": null,
            "productheightmm": null,
            "productwidthmm": null,
            "productdepthmm": null,
            "wool_productpackaging": null,
            "recyclableinformation": null,
            "importantinformation": null,
            "allergencontains": "Fish, Gluten, Soy, Wheat",
            "allergenmaybepresent": null,
            "allergystatement": "Egg Free",
            "lifestyleanddietarystatement": "Source of Protein",
            "lifestyleclaim": null,
            "wool_dietaryclaim": null,
            "boxedcontents": null,
            "suitablefor": null,
            "fragrance": null,
            "colour": null,
            "antioxidant": "False",
            "addedvitaminsandminerals": "False",
            "bpafree": "False",
            "sulfatefree": "False",
            "parabenfree": "False",
            "claims": null,
            "alcoholfree": null,
            "anti-dandruff": null,
            "dermatologicallyapproved": null,
            "dermatologistrecommended": null,
            "dermatologisttested": null,
            "fragrance-free": null,
            "haircolour": null,
            "hairtype": null,
            "hypo-allergenic": null,
            "non-comedogenic": null,
            "oilfree": null,
            "ophthalmologistapproved": null,
            "ophthalmologisttested": null,
            "paba-free": null,
            "skincondition": null,
            "skintype": null,
            "soap-free": null,
            "spf": null,
            "sweatresistant": null,
            "timer": null,
            "waterresistant": null,
            "phbalanced": null,
            "antiseptic": "False",
            "antibacterial": "False",
            "activeconstituents": null,
            "contains": null,
            "microwavesafe": "False",
            "productimagecount": "1",
            "friendlydisclaimer": null,
            "productimages": "772577.jpg",
            "healthstarrating": "0",
            "tgawarnings": null,
            "vendorarticleid": null,
            "vendorcostprice": null,
            "tgawarning": null
          },
          "DetailsImagePaths": [
            "https://cdn0.woolworths.media/content/wowproductimages/large/772577.jpg"
          ],
          "Variety": "salt & pepper",
          "Rating": {
            "ReviewCount": 0,
            "RatingCount": 0,
            "RatingSum": 0,
            "OneStarCount": 0,
            "TwoStarCount": 0,
            "ThreeStarCount": 0,
            "FourStarCount": 0,
            "FiveStarCount": 0,
            "Average": 0,
            "OneStarPercentage": 0,
            "TwoStarPercentage": 0,
            "ThreeStarPercentage": 0,
            "FourStarPercentage": 0,
            "FiveStarPercentage": 0
          },
          "HasProductSubs": false,
          "IsSponsoredAd": false,
          "AdID": null,
          "AdIndex": null,
          "ThirdPartyProductInfo": null,
          "MarketFeatures": null,
          "MarketSpecifications": null
        }
      ],
      "Name": "Ocean Chef Squid Salt & Pepper"
    },
    {
      "Products": [
        {
          "TileID": 0,
          "Stockcode": 772620,
          "Barcode": "9323015005442",
          "GtinFormat": 13,
          "CupPrice": 16.67,
          "InstoreCupPrice": 16.67,
          "CupMeasure": "1KG",
          "CupString": "$16.67 / 1KG",
          "InstoreCupString": "$16.67 / 1KG",
          "HasCupPrice": true,
          "InstoreHasCupPrice": true,
          "Price": 6,
          "InstorePrice": 6,
          "Name": "Ocean Chef Squid Rings Panko",
          "UrlFriendlyName": "ocean-chef-squid-rings-panko",
          "Description": " Ocean Chef Squid Rings Panko 360g",
          "SmallImageFile": "https://cdn0.woolworths.media/content/wowproductimages/small/772620.jpg",
          "MediumImageFile": "https://cdn0.woolworths.media/content/wowproductimages/medium/772620.jpg",
          "LargeImageFile": "https://cdn0.woolworths.media/content/wowproductimages/large/772620.jpg",
          "IsNew": false,
          "IsOnSpecial": false,
          "InstoreIsOnSpecial": false,
          "IsEdrSpecial": false,
          "SavingsAmount": 0,
          "InstoreSavingsAmount": 0,
          "WasPrice": 6,
          "InstoreWasPrice": 6,
          "QuantityInTrolley": 0,
          "Unit": "Each",
          "MinimumQuantity": 1,
          "HasBeenBoughtBefore": false,
          "IsInTrolley": false,
          "Source": "Aisle.MeatSeafoodDeli",
          "SupplyLimit": 36,
          "IsRanged": false,
          "IsInStock": true,
          "PackageSize": "360g",
          "IsPmDelivery": true,
          "IsForCollection": true,
          "IsForDelivery": true,
          "IsForExpress": false,
          "ProductRestrictionMessage": null,
          "ProductWarningMessage": null,
          "CentreTag": {
            "TagContent": null,
            "TagLink": null,
            "FallbackText": null,
            "TagType": "None",
            "MultibuyData": null
          },
          "IsCentreTag": false,
          "ImageTag": {
            "TagContent": null,
            "TagLink": null,
            "FallbackText": "",
            "TagType": "None",
            "MultibuyData": null
          },
          "HeaderTag": null,
          "HasHeaderTag": false,
          "UnitWeightInGrams": 360,
          "SupplyLimitMessage": "'Ocean Chef Squid Rings Panko' has a supply limit of 36. The quantity in your cart has been reduced accordingly. To purchase a larger quantity, please contact us on 1800 000 610. Please note we do not supply trade orders.",
          "SmallFormatDescription": "Ocean Chef Squid Rings Panko",
          "FullDescription": "Ocean Chef Squid Rings Panko",
          "IsAvailable": true,
          "InstoreIsAvailable": true,
          "IsPurchasable": true,
          "InstoreIsPurchasable": true,
          "AgeRestricted": false,
          "DisplayQuantity": 1,
          "RichDescription": "Ocean Chef panko Crumb Squid Ring is easy to prepare delicious squid rings coated in a crunchy, golden panko crumb for the ultimate satisfaction.",
          "IsDeliveryPass": false,
          "HideWasSavedPrice": false,
          "SapCategories": null,
          "Brand": "ocean chef",
          "IsRestrictedByDeliveryMethod": false,
          "FooterTag": {
            "TagContent": null,
            "TagLink": null,
            "FallbackText": null,
            "TagType": "None",
            "MultibuyData": null
          },
          "IsFooterEnabled": true,
          "Diagnostics": "736",
          "IsBundle": false,
          "IsInFamily": false,
          "ChildProducts": [],
          "UrlOverride": null,
          "AdditionalAttributes": {
            "sapdepartmentname": "FRESH CONVENIENCE",
            "sapdepartmentno": "10",
            "sapcategoryname": "SEAFOOD CONVENIENCE",
            "sapcategoryno": "9",
            "sapsubcategoryname": "FROZEN SEAFOOD SELF SERVE",
            "sapsubcategoryno": "412",
            "sapsegmentname": "SQUID",
            "sapsegmentno": "14",
            "specialsgroupid": null,
            "PiesProductDepartmentNodeId": "1_ACA2FC2",
            "PiesProductDepartmentsjson": "[{\"Id\":\"1_ACA2FC2\",\"Description\":\"Freezer\"},{\"Id\":\"1_D5A2236\",\"Description\":\"Meat, Seafood & Deli\"}]",
            "piesdepartmentnamesjson": "[\"Freezer\",\"Meat, Seafood & Deli\"]",
            "piescategorynamesjson": "[\"Frozen Seafood\",\"Seafood\"]",
            "piessubcategorynamesjson": "[\"Frozen Seafood\",\"Deli Seafood\",\"Prepacked Seafood\"]",
            "servingsize-total-nip": null,
            "servingsperpack-total-nip": null,
            "microwaveable": "False",
            "ovencook": "False",
            "vegetarian": "False",
            "freezable": "False",
            "containsnuts": "False",
            "containsgluten": "False",
            "description": "Ocean Chef panko Crumb Squid Ring is easy to prepare delicious squid rings coated in a crunchy, golden panko crumb for the ultimate satisfaction.",
            "ingredients": "Squid (45%), Panko Breadcrumb (20%) [Wheat Flour, Water, Salt, Sugar, Yeast, Soybean Oil], Thickeners (1420, 1422), Wheat Flour, Soy Protein Isolate, Thickeners (415), Raising Agent (451,500), Flavour Enhancers (627,631).",
            "nutritionalinformation": "{\"Name\":\"Nutritional Information\",\"Attributes\":[{\"Id\":705,\"Name\":\"Carbohydrate Quantity Per 100g - Total - NIP\",\"Value\":\"24.4g\",\"Description\":\"Carbohydrate Quantity Per 100g - Total - NIP\",\"SortOrder\":83},{\"Id\":706,\"Name\":\"Carbohydrate Quantity Per Serve - Total - NIP\",\"Value\":\"29.3g\",\"Description\":\"Carbohydrate Quantity Per Serve - Total - NIP\",\"SortOrder\":87},{\"Id\":759,\"Name\":\"Energy kJ Quantity Per 100g - Total - NIP\",\"Value\":\"1,080kJ\",\"Description\":\"Energy kJ Quantity Per 100g - Total - NIP\",\"SortOrder\":239},{\"Id\":760,\"Name\":\"Energy kJ Quantity Per Serve - Total - NIP\",\"Value\":\"1,300kJ\",\"Description\":\"Energy kJ Quantity Per Serve - Total - NIP\",\"SortOrder\":243},{\"Id\":253,\"Name\":\"Fat Saturated Quantity Per 100g - Total - NIP\",\"Value\":\"1.3g\",\"Description\":\"Fat Saturated Quantity Per 100g - Total - NIP\",\"SortOrder\":251},{\"Id\":258,\"Name\":\"Fat Saturated Quantity Per Serve - Total - NIP\",\"Value\":\"1.6g\",\"Description\":\"Fat Saturated Quantity Per Serve - Total - NIP\",\"SortOrder\":255},{\"Id\":764,\"Name\":\"Fat Total Quantity Per 100g - Total - NIP\",\"Value\":\"14.7g\",\"Description\":\"Fat Total Quantity Per 100g - Total - NIP\",\"SortOrder\":263},{\"Id\":264,\"Name\":\"Fat Total Quantity Per Serve - Total - NIP\",\"Value\":\"17.6g\",\"Description\":\"Fat Total Quantity Per Serve - Total - NIP\",\"SortOrder\":267},{\"Id\":878,\"Name\":\"Protein Quantity Per 100g - Total - NIP\",\"Value\":\"6.9g\",\"Description\":\"Protein Quantity Per 100g - Total - NIP\",\"SortOrder\":587},{\"Id\":882,\"Name\":\"Protein Quantity Per Serve - Total - NIP\",\"Value\":\"8.3g\",\"Description\":\"Protein Quantity Per Serve - Total - NIP\",\"SortOrder\":591},{\"Id\":477,\"Name\":\"Serving Size - Total - NIP\",\"Value\":\"120g\",\"Description\":\"Serving Size - Total - NIP\",\"SortOrder\":607},{\"Id\":544,\"Name\":\"Servings Per Pack - Total - NIP\",\"Value\":\"3\",\"Description\":\"Servings Per Pack - Total - NIP\",\"SortOrder\":611},{\"Id\":491,\"Name\":\"Sodium Quantity Per 100g - Total - NIP\",\"Value\":\"395mg\",\"Description\":\"Sodium Quantity Per 100g - Total - NIP\",\"SortOrder\":623},{\"Id\":495,\"Name\":\"Sodium Quantity Per Serve - Total - NIP\",\"Value\":\"474mg\",\"Description\":\"Sodium Quantity Per Serve - Total - NIP\",\"SortOrder\":627},{\"Id\":907,\"Name\":\"Sugars Quantity Per 100g - Prefix - NIP\",\"Value\":\"\",\"Description\":\"Sugars Quantity Per 100g - Prefix - NIP\",\"SortOrder\":645},{\"Id\":908,\"Name\":\"Sugars Quantity Per 100g - SuffixUnits - NIP\",\"Value\":\"g\",\"Description\":\"Sugars Quantity Per 100g - SuffixUnits - NIP\",\"SortOrder\":646},{\"Id\":909,\"Name\":\"Sugars Quantity Per 100g - Total - NIP\",\"Value\":\"1.3g\",\"Description\":\"Sugars Quantity Per 100g - Total - NIP\",\"SortOrder\":647},{\"Id\":910,\"Name\":\"Sugars Quantity Per 100g - ValueWord - NIP\",\"Value\":\"1.3\",\"Description\":\"Sugars Quantity Per 100g - ValueWord - NIP\",\"SortOrder\":648},{\"Id\":504,\"Name\":\"Sugars Quantity Per Serve - Prefix - NIP\",\"Value\":\"\",\"Description\":\"Sugars Quantity Per Serve - Prefix - NIP\",\"SortOrder\":649},{\"Id\":911,\"Name\":\"Sugars Quantity Per Serve - SuffixUnits - NIP\",\"Value\":\"g\",\"Description\":\"Sugars Quantity Per Serve - SuffixUnits - NIP\",\"SortOrder\":650},{\"Id\":912,\"Name\":\"Sugars Quantity Per Serve - Total - NIP\",\"Value\":\"1.6g\",\"Description\":\"Sugars Quantity Per Serve - Total - NIP\",\"SortOrder\":651},{\"Id\":572,\"Name\":\"Sugars Quantity Per Serve - ValueWord - NIP\",\"Value\":\"1.6\",\"Description\":\"Sugars Quantity Per Serve - ValueWord - NIP\",\"SortOrder\":652}]}",
            "storageinstructions": "Keep Frozen, Store at or below minus 18°C. Do not refreeze",
            "usageinstructions": null,
            "brand": "ocean chef",
            "manufacturer": null,
            "countryoforigin": null,
            "productheightmm": null,
            "productwidthmm": null,
            "productdepthmm": null,
            "wool_productpackaging": null,
            "recyclableinformation": null,
            "importantinformation": null,
            "allergencontains": "Fish, Gluten, Soy, Soybean, Wheat",
            "allergenmaybepresent": null,
            "allergystatement": "Egg Free",
            "lifestyleanddietarystatement": "Source of Protein",
            "lifestyleclaim": null,
            "wool_dietaryclaim": null,
            "boxedcontents": null,
            "suitablefor": null,
            "fragrance": null,
            "colour": null,
            "antioxidant": "False",
            "addedvitaminsandminerals": "False",
            "bpafree": "False",
            "sulfatefree": "False",
            "parabenfree": "False",
            "claims": null,
            "alcoholfree": null,
            "anti-dandruff": null,
            "dermatologicallyapproved": null,
            "dermatologistrecommended": null,
            "dermatologisttested": null,
            "fragrance-free": null,
            "haircolour": null,
            "hairtype": null,
            "hypo-allergenic": null,
            "non-comedogenic": null,
            "oilfree": null,
            "ophthalmologistapproved": null,
            "ophthalmologisttested": null,
            "paba-free": null,
            "skincondition": null,
            "skintype": null,
            "soap-free": null,
            "spf": null,
            "sweatresistant": null,
            "timer": null,
            "waterresistant": null,
            "phbalanced": null,
            "antiseptic": "False",
            "antibacterial": "False",
            "activeconstituents": null,
            "contains": null,
            "microwavesafe": "False",
            "productimagecount": "1",
            "friendlydisclaimer": null,
            "productimages": "772620.jpg",
            "healthstarrating": "0",
            "tgawarnings": null,
            "vendorarticleid": null,
            "vendorcostprice": null,
            "tgawarning": null
          },
          "DetailsImagePaths": [
            "https://cdn0.woolworths.media/content/wowproductimages/large/772620.jpg"
          ],
          "Variety": "rings panko",
          "Rating": {
            "ReviewCount": 0,
            "RatingCount": 0,
            "RatingSum": 0,
            "OneStarCount": 0,
            "TwoStarCount": 0,
            "ThreeStarCount": 0,
            "FourStarCount": 0,
            "FiveStarCount": 0,
            "Average": 0,
            "OneStarPercentage": 0,
            "TwoStarPercentage": 0,
            "ThreeStarPercentage": 0,
            "FourStarPercentage": 0,
            "FiveStarPercentage": 0
          },
          "HasProductSubs": false,
          "IsSponsoredAd": false,
          "AdID": null,
          "AdIndex": null,
          "ThirdPartyProductInfo": null,
          "MarketFeatures": null,
          "MarketSpecifications": null
        }
      ],
      "Name": "Ocean Chef Squid Rings Panko"
    },
    {
      "Products": [
        {
          "TileID": 0,
          "Stockcode": 800132,
          "Barcode": "9316112007587",
          "GtinFormat": 13,
          "CupPrice": 30,
          "InstoreCupPrice": 30,
          "CupMeasure": "1KG",
          "CupString": "$30.00 / 1KG",
          "InstoreCupString": "$30.00 / 1KG",
          "HasCupPrice": true,
          "InstoreHasCupPrice": true,
          "Price": 6,
          "InstorePrice": 6,
          "Name": "President Brie Cheese",
          "UrlFriendlyName": "president-brie-cheese",
          "Description": " President Brie Cheese 200g",
          "SmallImageFile": "https://cdn0.woolworths.media/content/wowproductimages/small/800132.jpg",
          "MediumImageFile": "https://cdn0.woolworths.media/content/wowproductimages/medium/800132.jpg",
          "LargeImageFile": "https://cdn0.woolworths.media/content/wowproductimages/large/800132.jpg",
          "IsNew": false,
          "IsOnSpecial": false,
          "InstoreIsOnSpecial": false,
          "IsEdrSpecial": false,
          "SavingsAmount": 0,
          "InstoreSavingsAmount": 0,
          "WasPrice": 6,
          "InstoreWasPrice": 6,
          "QuantityInTrolley": 0,
          "Unit": "Each",
          "MinimumQuantity": 1,
          "HasBeenBoughtBefore": false,
          "IsInTrolley": false,
          "Source": "Aisle.MeatSeafoodDeli",
          "SupplyLimit": 36,
          "IsRanged": false,
          "IsInStock": true,
          "PackageSize": "200g",
          "IsPmDelivery": true,
          "IsForCollection": true,
          "IsForDelivery": true,
          "IsForExpress": false,
          "ProductRestrictionMessage": null,
          "ProductWarningMessage": null,
          "CentreTag": {
            "TagContent": "<span style=\"COLOR: #e2001a\"> Was $10.00 24/03/2019</span>",
            "TagLink": null,
            "FallbackText": null,
            "TagType": "Html",
            "MultibuyData": null
          },
          "IsCentreTag": true,
          "ImageTag": {
            "TagContent": null,
            "TagLink": null,
            "FallbackText": "",
            "TagType": "None",
            "MultibuyData": null
          },
          "HeaderTag": {
            "BackgroundColor": "#fff",
            "BorderColor": "#c20016",
            "TextColor": "#c20016",
            "Content": "<span class=\"u-semibold\">Prices dropped</span>",
            "TagLink": null,
            "Promotion": "PriceDropped"
          },
          "HasHeaderTag": true,
          "UnitWeightInGrams": 221,
          "SupplyLimitMessage": "'President Brie Cheese' has a supply limit of 36. The quantity in your cart has been reduced accordingly. To purchase a larger quantity, please contact us on 1800 000 610. Please note we do not supply trade orders.",
          "SmallFormatDescription": "President Brie Cheese",
          "FullDescription": "President Brie Cheese",
          "IsAvailable": true,
          "InstoreIsAvailable": true,
          "IsPurchasable": true,
          "InstoreIsPurchasable": true,
          "AgeRestricted": false,
          "DisplayQuantity": 1,
          "RichDescription": "President Double Brie is an extra creamy authentic double brie crafted with traditional French recipe. <br> <p>This President Double Brie is made locally to a traditional French recipe that is authentically smooth, soft and creamy.</p><p>To your taste: This Double Brie will continue to mature naturally and will reach its fullest flavour and softness towards the end of its shelf life. Consume earlier for a milder, firmer cheese.</p>",
          "IsDeliveryPass": false,
          "HideWasSavedPrice": false,
          "SapCategories": null,
          "Brand": "president",
          "IsRestrictedByDeliveryMethod": false,
          "FooterTag": {
            "TagContent": "<div class=\"productTag-pricedropped\" style=\"\r\nheight:46px;\r\nposition:absolute;\r\ntop:-4px;\r\nleft:0;\r\nwidth:100%;\r\nbackground:white;\r\noutline: 1px solid #c20016;\r\ntext-align:center;\">\r\n\r\n<img src=\"https://cdn0.woolworths.media/content/content/pricedropped-footer-transparent.png\" width=\"204px\" height=\"16px\" alt=\"Price Dropped\" style=\"display:inline-block;margin-top:15px;max-width: 100%;\">\r\n</div>",
            "TagLink": null,
            "FallbackText": null,
            "TagType": "Html",
            "MultibuyData": null
          },
          "IsFooterEnabled": true,
          "Diagnostics": "737",
          "IsBundle": false,
          "IsInFamily": false,
          "ChildProducts": [],
          "UrlOverride": null,
          "AdditionalAttributes": {
            "sapdepartmentname": "FRESH CONVENIENCE",
            "sapdepartmentno": "10",
            "sapcategoryname": "CHEESE ENTERTAINING",
            "sapcategoryno": "18",
            "sapsubcategoryname": "CHEESE ENTERTAINING",
            "sapsubcategoryno": "369",
            "sapsegmentname": "BRIE & CAMEMBERT",
            "sapsegmentno": "2",
            "specialsgroupid": null,
            "PiesProductDepartmentNodeId": "1_6E4F4E4",
            "PiesProductDepartmentsjson": "[{\"Id\":\"1_6E4F4E4\",\"Description\":\"Dairy, Eggs & Fridge\"},{\"Id\":\"1_D5A2236\",\"Description\":\"Meat, Seafood & Deli\"}]",
            "piesdepartmentnamesjson": "[\"Dairy, Eggs & Fridge\",\"Meat, Seafood & Deli\"]",
            "piescategorynamesjson": "[\"Cheese\",\"Deli Specialities\"]",
            "piessubcategorynamesjson": "[\"Entertaining Cheese\",\"Soft Cheese\",\"Gourmet Cheese\"]",
            "servingsize-total-nip": null,
            "servingsperpack-total-nip": null,
            "microwaveable": "False",
            "ovencook": "False",
            "vegetarian": "False",
            "freezable": "False",
            "containsnuts": "False",
            "containsgluten": "False",
            "description": "President Double Brie is an extra creamy authentic double brie crafted with traditional French recipe. <br> <p>This President Double Brie is made locally to a traditional French recipe that is authentically smooth, soft and creamy.</p><p>To your taste: This Double Brie will continue to mature naturally and will reach its fullest flavour and softness towards the end of its shelf life. Consume earlier for a milder, firmer cheese.</p>",
            "ingredients": "Pasteurised Milk, Salt, Starter Cultures, Non-animal Rennet.",
            "nutritionalinformation": "{\"Name\":\"Nutritional Information\",\"Attributes\":[{\"Id\":705,\"Name\":\"Carbohydrate Quantity Per 100g - Total - NIP\",\"Value\":\"1.5g\",\"Description\":\"Carbohydrate Quantity Per 100g - Total - NIP\",\"SortOrder\":83},{\"Id\":706,\"Name\":\"Carbohydrate Quantity Per Serve - Total - NIP\",\"Value\":\"0.4g\",\"Description\":\"Carbohydrate Quantity Per Serve - Total - NIP\",\"SortOrder\":87},{\"Id\":759,\"Name\":\"Energy kJ Quantity Per 100g - Total - NIP\",\"Value\":\"1510kJ\",\"Description\":\"Energy kJ Quantity Per 100g - Total - NIP\",\"SortOrder\":239},{\"Id\":760,\"Name\":\"Energy kJ Quantity Per Serve - Total - NIP\",\"Value\":\"378kJ\",\"Description\":\"Energy kJ Quantity Per Serve - Total - NIP\",\"SortOrder\":243},{\"Id\":253,\"Name\":\"Fat Saturated Quantity Per 100g - Total - NIP\",\"Value\":\"22.0g\",\"Description\":\"Fat Saturated Quantity Per 100g - Total - NIP\",\"SortOrder\":251},{\"Id\":258,\"Name\":\"Fat Saturated Quantity Per Serve - Total - NIP\",\"Value\":\"5.5g\",\"Description\":\"Fat Saturated Quantity Per Serve - Total - NIP\",\"SortOrder\":255},{\"Id\":764,\"Name\":\"Fat Total Quantity Per 100g - Total - NIP\",\"Value\":\"31.5g\",\"Description\":\"Fat Total Quantity Per 100g - Total - NIP\",\"SortOrder\":263},{\"Id\":264,\"Name\":\"Fat Total Quantity Per Serve - Total - NIP\",\"Value\":\"7.9g\",\"Description\":\"Fat Total Quantity Per Serve - Total - NIP\",\"SortOrder\":267},{\"Id\":878,\"Name\":\"Protein Quantity Per 100g - Total - NIP\",\"Value\":\"18.6g\",\"Description\":\"Protein Quantity Per 100g - Total - NIP\",\"SortOrder\":587},{\"Id\":882,\"Name\":\"Protein Quantity Per Serve - Total - NIP\",\"Value\":\"4.7g\",\"Description\":\"Protein Quantity Per Serve - Total - NIP\",\"SortOrder\":591},{\"Id\":477,\"Name\":\"Serving Size - Total - NIP\",\"Value\":\"25g\",\"Description\":\"Serving Size - Total - NIP\",\"SortOrder\":607},{\"Id\":544,\"Name\":\"Servings Per Pack - Total - NIP\",\"Value\":\"8\",\"Description\":\"Servings Per Pack - Total - NIP\",\"SortOrder\":611},{\"Id\":491,\"Name\":\"Sodium Quantity Per 100g - Total - NIP\",\"Value\":\"504mg\",\"Description\":\"Sodium Quantity Per 100g - Total - NIP\",\"SortOrder\":623},{\"Id\":495,\"Name\":\"Sodium Quantity Per Serve - Total - NIP\",\"Value\":\"126mg\",\"Description\":\"Sodium Quantity Per Serve - Total - NIP\",\"SortOrder\":627},{\"Id\":907,\"Name\":\"Sugars Quantity Per 100g - Prefix - NIP\",\"Value\":\"<\",\"Description\":\"Sugars Quantity Per 100g - Prefix - NIP\",\"SortOrder\":645},{\"Id\":908,\"Name\":\"Sugars Quantity Per 100g - SuffixUnits - NIP\",\"Value\":\"g\",\"Description\":\"Sugars Quantity Per 100g - SuffixUnits - NIP\",\"SortOrder\":646},{\"Id\":909,\"Name\":\"Sugars Quantity Per 100g - Total - NIP\",\"Value\":\"<1g\",\"Description\":\"Sugars Quantity Per 100g - Total - NIP\",\"SortOrder\":647},{\"Id\":910,\"Name\":\"Sugars Quantity Per 100g - ValueWord - NIP\",\"Value\":\"1\",\"Description\":\"Sugars Quantity Per 100g - ValueWord - NIP\",\"SortOrder\":648},{\"Id\":504,\"Name\":\"Sugars Quantity Per Serve - Prefix - NIP\",\"Value\":\"<\",\"Description\":\"Sugars Quantity Per Serve - Prefix - NIP\",\"SortOrder\":649},{\"Id\":911,\"Name\":\"Sugars Quantity Per Serve - SuffixUnits - NIP\",\"Value\":\"g\",\"Description\":\"Sugars Quantity Per Serve - SuffixUnits - NIP\",\"SortOrder\":650},{\"Id\":912,\"Name\":\"Sugars Quantity Per Serve - Total - NIP\",\"Value\":\"<1g\",\"Description\":\"Sugars Quantity Per Serve - Total - NIP\",\"SortOrder\":651},{\"Id\":572,\"Name\":\"Sugars Quantity Per Serve - ValueWord - NIP\",\"Value\":\"1\",\"Description\":\"Sugars Quantity Per Serve - ValueWord - NIP\",\"SortOrder\":652}]}",
            "storageinstructions": "Keep refrigerated. Store at 1-5°C.",
            "usageinstructions": null,
            "brand": "president",
            "manufacturer": null,
            "countryoforigin": null,
            "productheightmm": null,
            "productwidthmm": null,
            "productdepthmm": null,
            "wool_productpackaging": null,
            "recyclableinformation": null,
            "importantinformation": null,
            "allergencontains": "Milk",
            "allergenmaybepresent": null,
            "allergystatement": "Lupin Free",
            "lifestyleanddietarystatement": "Source of Calcium",
            "lifestyleclaim": null,
            "wool_dietaryclaim": null,
            "boxedcontents": null,
            "suitablefor": null,
            "fragrance": null,
            "colour": null,
            "antioxidant": "False",
            "addedvitaminsandminerals": "False",
            "bpafree": "False",
            "sulfatefree": "False",
            "parabenfree": "False",
            "claims": null,
            "alcoholfree": null,
            "anti-dandruff": null,
            "dermatologicallyapproved": null,
            "dermatologistrecommended": null,
            "dermatologisttested": null,
            "fragrance-free": null,
            "haircolour": null,
            "hairtype": null,
            "hypo-allergenic": null,
            "non-comedogenic": null,
            "oilfree": null,
            "ophthalmologistapproved": null,
            "ophthalmologisttested": null,
            "paba-free": null,
            "skincondition": null,
            "skintype": null,
            "soap-free": null,
            "spf": null,
            "sweatresistant": null,
            "timer": null,
            "waterresistant": null,
            "phbalanced": null,
            "antiseptic": "False",
            "antibacterial": "False",
            "activeconstituents": null,
            "contains": null,
            "microwavesafe": "False",
            "productimagecount": "3",
            "friendlydisclaimer": null,
            "productimages": "800132_1.jpg,800132.jpg,800132_2.jpg",
            "healthstarrating": "0",
            "tgawarnings": null,
            "vendorarticleid": null,
            "vendorcostprice": null,
            "tgawarning": null
          },
          "DetailsImagePaths": [
            "https://cdn0.woolworths.media/content/wowproductimages/large/800132.jpg",
            "https://cdn0.woolworths.media/content/wowproductimages/large/800132_1.jpg",
            "https://cdn0.woolworths.media/content/wowproductimages/large/800132_2.jpg"
          ],
          "Variety": "cheese",
          "Rating": {
            "ReviewCount": 0,
            "RatingCount": 0,
            "RatingSum": 0,
            "OneStarCount": 0,
            "TwoStarCount": 0,
            "ThreeStarCount": 0,
            "FourStarCount": 0,
            "FiveStarCount": 0,
            "Average": 0,
            "OneStarPercentage": 0,
            "TwoStarPercentage": 0,
            "ThreeStarPercentage": 0,
            "FourStarPercentage": 0,
            "FiveStarPercentage": 0
          },
          "HasProductSubs": false,
          "IsSponsoredAd": false,
          "AdID": null,
          "AdIndex": null,
          "ThirdPartyProductInfo": null,
          "MarketFeatures": null,
          "MarketSpecifications": null
        }
      ],
      "Name": "President Brie Cheese"
    },
    {
      "Products": [
        {
          "TileID": 0,
          "Stockcode": 800151,
          "Barcode": "9316112007594",
          "GtinFormat": 13,
          "CupPrice": 30,
          "InstoreCupPrice": 30,
          "CupMeasure": "1KG",
          "CupString": "$30.00 / 1KG",
          "InstoreCupString": "$30.00 / 1KG",
          "HasCupPrice": true,
          "InstoreHasCupPrice": true,
          "Price": 6,
          "InstorePrice": 6,
          "Name": "President Camembert Cheese",
          "UrlFriendlyName": "president-camembert-cheese",
          "Description": " President Camembert Cheese 200g",
          "SmallImageFile": "https://cdn0.woolworths.media/content/wowproductimages/small/800151.jpg",
          "MediumImageFile": "https://cdn0.woolworths.media/content/wowproductimages/medium/800151.jpg",
          "LargeImageFile": "https://cdn0.woolworths.media/content/wowproductimages/large/800151.jpg",
          "IsNew": false,
          "IsOnSpecial": false,
          "InstoreIsOnSpecial": false,
          "IsEdrSpecial": false,
          "SavingsAmount": 0,
          "InstoreSavingsAmount": 0,
          "WasPrice": 6,
          "InstoreWasPrice": 6,
          "QuantityInTrolley": 0,
          "Unit": "Each",
          "MinimumQuantity": 1,
          "HasBeenBoughtBefore": false,
          "IsInTrolley": false,
          "Source": "Aisle.MeatSeafoodDeli",
          "SupplyLimit": 36,
          "IsRanged": false,
          "IsInStock": true,
          "PackageSize": "200g",
          "IsPmDelivery": true,
          "IsForCollection": true,
          "IsForDelivery": true,
          "IsForExpress": false,
          "ProductRestrictionMessage": null,
          "ProductWarningMessage": null,
          "CentreTag": {
            "TagContent": "<span style=\"COLOR: #e2001a\"> Was $10.00 24/03/2019</span>",
            "TagLink": null,
            "FallbackText": null,
            "TagType": "Html",
            "MultibuyData": null
          },
          "IsCentreTag": true,
          "ImageTag": {
            "TagContent": null,
            "TagLink": null,
            "FallbackText": "",
            "TagType": "None",
            "MultibuyData": null
          },
          "HeaderTag": {
            "BackgroundColor": "#fff",
            "BorderColor": "#c20016",
            "TextColor": "#c20016",
            "Content": "<span class=\"u-semibold\">Prices dropped</span>",
            "TagLink": null,
            "Promotion": "PriceDropped"
          },
          "HasHeaderTag": true,
          "UnitWeightInGrams": 221,
          "SupplyLimitMessage": "'President Camembert Cheese' has a supply limit of 36. The quantity in your cart has been reduced accordingly. To purchase a larger quantity, please contact us on 1800 000 610. Please note we do not supply trade orders.",
          "SmallFormatDescription": "President Camembert Cheese",
          "FullDescription": "President Camembert Cheese",
          "IsAvailable": true,
          "InstoreIsAvailable": true,
          "IsPurchasable": true,
          "InstoreIsPurchasable": true,
          "AgeRestricted": false,
          "DisplayQuantity": 1,
          "RichDescription": "<p>President Camembert is a rich & creamy soft-ripened Camembert crafted with the traditional French recipe.</p> <p>This President Camembert is made locally to a traditional French recipe that is true to the authentic origins of the Normandy region of France.</p><p>To your taste: This Camembert will continue to mature naturally and will reach its fullest flavour and softness towards the end of its shelf life. Consume earlier for a milder, firmer cheese.</p>",
          "IsDeliveryPass": false,
          "HideWasSavedPrice": false,
          "SapCategories": null,
          "Brand": "president",
          "IsRestrictedByDeliveryMethod": false,
          "FooterTag": {
            "TagContent": "<div class=\"productTag-pricedropped\" style=\"\r\nheight:46px;\r\nposition:absolute;\r\ntop:-4px;\r\nleft:0;\r\nwidth:100%;\r\nbackground:white;\r\noutline: 1px solid #c20016;\r\ntext-align:center;\">\r\n\r\n<img src=\"https://cdn0.woolworths.media/content/content/pricedropped-footer-transparent.png\" width=\"204px\" height=\"16px\" alt=\"Price Dropped\" style=\"display:inline-block;margin-top:15px;max-width: 100%;\">\r\n</div>",
            "TagLink": null,
            "FallbackText": null,
            "TagType": "Html",
            "MultibuyData": null
          },
          "IsFooterEnabled": true,
          "Diagnostics": "738",
          "IsBundle": false,
          "IsInFamily": false,
          "ChildProducts": [],
          "UrlOverride": null,
          "AdditionalAttributes": {
            "sapdepartmentname": "FRESH CONVENIENCE",
            "sapdepartmentno": "10",
            "sapcategoryname": "CHEESE ENTERTAINING",
            "sapcategoryno": "18",
            "sapsubcategoryname": "CHEESE ENTERTAINING",
            "sapsubcategoryno": "369",
            "sapsegmentname": "BRIE & CAMEMBERT",
            "sapsegmentno": "2",
            "specialsgroupid": null,
            "PiesProductDepartmentNodeId": "1_D5A2236",
            "PiesProductDepartmentsjson": "[{\"Id\":\"1_D5A2236\",\"Description\":\"Meat, Seafood & Deli\"},{\"Id\":\"1_6E4F4E4\",\"Description\":\"Dairy, Eggs & Fridge\"}]",
            "piesdepartmentnamesjson": "[\"Meat, Seafood & Deli\",\"Dairy, Eggs & Fridge\"]",
            "piescategorynamesjson": "[\"Cheese\",\"Deli Specialities\"]",
            "piessubcategorynamesjson": "[\"Gourmet Cheese\",\"Soft Cheese\",\"Entertaining Cheese\"]",
            "servingsize-total-nip": null,
            "servingsperpack-total-nip": null,
            "microwaveable": "False",
            "ovencook": "False",
            "vegetarian": "False",
            "freezable": "False",
            "containsnuts": "False",
            "containsgluten": "False",
            "description": "<p>President Camembert is a rich & creamy soft-ripened Camembert crafted with the traditional French recipe.</p> <p>This President Camembert is made locally to a traditional French recipe that is true to the authentic origins of the Normandy region of France.</p><p>To your taste: This Camembert will continue to mature naturally and will reach its fullest flavour and softness towards the end of its shelf life. Consume earlier for a milder, firmer cheese.</p>",
            "ingredients": "Pasteurised Milk, Salt, Starter Cultures, Non-animal Rennet.",
            "nutritionalinformation": "{\"Name\":\"Nutritional Information\",\"Attributes\":[{\"Id\":705,\"Name\":\"Carbohydrate Quantity Per 100g - Total - NIP\",\"Value\":\"1.9g\",\"Description\":\"Carbohydrate Quantity Per 100g - Total - NIP\",\"SortOrder\":83},{\"Id\":706,\"Name\":\"Carbohydrate Quantity Per Serve - Total - NIP\",\"Value\":\"0.5g\",\"Description\":\"Carbohydrate Quantity Per Serve - Total - NIP\",\"SortOrder\":87},{\"Id\":759,\"Name\":\"Energy kJ Quantity Per 100g - Total - NIP\",\"Value\":\"1310kJ\",\"Description\":\"Energy kJ Quantity Per 100g - Total - NIP\",\"SortOrder\":239},{\"Id\":760,\"Name\":\"Energy kJ Quantity Per Serve - Total - NIP\",\"Value\":\"328kJ\",\"Description\":\"Energy kJ Quantity Per Serve - Total - NIP\",\"SortOrder\":243},{\"Id\":253,\"Name\":\"Fat Saturated Quantity Per 100g - Total - NIP\",\"Value\":\"17.2g\",\"Description\":\"Fat Saturated Quantity Per 100g - Total - NIP\",\"SortOrder\":251},{\"Id\":258,\"Name\":\"Fat Saturated Quantity Per Serve - Total - NIP\",\"Value\":\"4.3g\",\"Description\":\"Fat Saturated Quantity Per Serve - Total - NIP\",\"SortOrder\":255},{\"Id\":764,\"Name\":\"Fat Total Quantity Per 100g - Total - NIP\",\"Value\":\"26.5g\",\"Description\":\"Fat Total Quantity Per 100g - Total - NIP\",\"SortOrder\":263},{\"Id\":264,\"Name\":\"Fat Total Quantity Per Serve - Total - NIP\",\"Value\":\"6.6g\",\"Description\":\"Fat Total Quantity Per Serve - Total - NIP\",\"SortOrder\":267},{\"Id\":878,\"Name\":\"Protein Quantity Per 100g - Total - NIP\",\"Value\":\"17.3g\",\"Description\":\"Protein Quantity Per 100g - Total - NIP\",\"SortOrder\":587},{\"Id\":882,\"Name\":\"Protein Quantity Per Serve - Total - NIP\",\"Value\":\"4.3g\",\"Description\":\"Protein Quantity Per Serve - Total - NIP\",\"SortOrder\":591},{\"Id\":477,\"Name\":\"Serving Size - Total - NIP\",\"Value\":\"25g\",\"Description\":\"Serving Size - Total - NIP\",\"SortOrder\":607},{\"Id\":544,\"Name\":\"Servings Per Pack - Total - NIP\",\"Value\":\"8\",\"Description\":\"Servings Per Pack - Total - NIP\",\"SortOrder\":611},{\"Id\":491,\"Name\":\"Sodium Quantity Per 100g - Total - NIP\",\"Value\":\"504mg\",\"Description\":\"Sodium Quantity Per 100g - Total - NIP\",\"SortOrder\":623},{\"Id\":495,\"Name\":\"Sodium Quantity Per Serve - Total - NIP\",\"Value\":\"126mg\",\"Description\":\"Sodium Quantity Per Serve - Total - NIP\",\"SortOrder\":627},{\"Id\":907,\"Name\":\"Sugars Quantity Per 100g - Prefix - NIP\",\"Value\":\"<\",\"Description\":\"Sugars Quantity Per 100g - Prefix - NIP\",\"SortOrder\":645},{\"Id\":908,\"Name\":\"Sugars Quantity Per 100g - SuffixUnits - NIP\",\"Value\":\"g\",\"Description\":\"Sugars Quantity Per 100g - SuffixUnits - NIP\",\"SortOrder\":646},{\"Id\":909,\"Name\":\"Sugars Quantity Per 100g - Total - NIP\",\"Value\":\"<1g\",\"Description\":\"Sugars Quantity Per 100g - Total - NIP\",\"SortOrder\":647},{\"Id\":910,\"Name\":\"Sugars Quantity Per 100g - ValueWord - NIP\",\"Value\":\"1\",\"Description\":\"Sugars Quantity Per 100g - ValueWord - NIP\",\"SortOrder\":648},{\"Id\":504,\"Name\":\"Sugars Quantity Per Serve - Prefix - NIP\",\"Value\":\"<\",\"Description\":\"Sugars Quantity Per Serve - Prefix - NIP\",\"SortOrder\":649},{\"Id\":911,\"Name\":\"Sugars Quantity Per Serve - SuffixUnits - NIP\",\"Value\":\"g\",\"Description\":\"Sugars Quantity Per Serve - SuffixUnits - NIP\",\"SortOrder\":650},{\"Id\":912,\"Name\":\"Sugars Quantity Per Serve - Total - NIP\",\"Value\":\"<1g\",\"Description\":\"Sugars Quantity Per Serve - Total - NIP\",\"SortOrder\":651},{\"Id\":572,\"Name\":\"Sugars Quantity Per Serve - ValueWord - NIP\",\"Value\":\"1\",\"Description\":\"Sugars Quantity Per Serve - ValueWord - NIP\",\"SortOrder\":652}]}",
            "storageinstructions": "Keep refrigerated. Store at 1-5°C.",
            "usageinstructions": null,
            "brand": "president",
            "manufacturer": null,
            "countryoforigin": null,
            "productheightmm": null,
            "productwidthmm": null,
            "productdepthmm": null,
            "wool_productpackaging": null,
            "recyclableinformation": null,
            "importantinformation": null,
            "allergencontains": "Milk",
            "allergenmaybepresent": null,
            "allergystatement": "Lupin Free",
            "lifestyleanddietarystatement": "Source of Calcium",
            "lifestyleclaim": null,
            "wool_dietaryclaim": null,
            "boxedcontents": null,
            "suitablefor": null,
            "fragrance": null,
            "colour": null,
            "antioxidant": "False",
            "addedvitaminsandminerals": "False",
            "bpafree": "False",
            "sulfatefree": "False",
            "parabenfree": "False",
            "claims": null,
            "alcoholfree": null,
            "anti-dandruff": null,
            "dermatologicallyapproved": null,
            "dermatologistrecommended": null,
            "dermatologisttested": null,
            "fragrance-free": null,
            "haircolour": null,
            "hairtype": null,
            "hypo-allergenic": null,
            "non-comedogenic": null,
            "oilfree": null,
            "ophthalmologistapproved": null,
            "ophthalmologisttested": null,
            "paba-free": null,
            "skincondition": null,
            "skintype": null,
            "soap-free": null,
            "spf": null,
            "sweatresistant": null,
            "timer": null,
            "waterresistant": null,
            "phbalanced": null,
            "antiseptic": "False",
            "antibacterial": "False",
            "activeconstituents": null,
            "contains": null,
            "microwavesafe": "False",
            "productimagecount": "3",
            "friendlydisclaimer": null,
            "productimages": "800151.jpg,800151_1.jpg,800151_2.jpg",
            "healthstarrating": "0",
            "tgawarnings": null,
            "vendorarticleid": null,
            "vendorcostprice": null,
            "tgawarning": null
          },
          "DetailsImagePaths": [
            "https://cdn0.woolworths.media/content/wowproductimages/large/800151.jpg",
            "https://cdn0.woolworths.media/content/wowproductimages/large/800151_1.jpg",
            "https://cdn0.woolworths.media/content/wowproductimages/large/800151_2.jpg"
          ],
          "Variety": "cheese",
          "Rating": {
            "ReviewCount": 0,
            "RatingCount": 0,
            "RatingSum": 0,
            "OneStarCount": 0,
            "TwoStarCount": 0,
            "ThreeStarCount": 0,
            "FourStarCount": 0,
            "FiveStarCount": 0,
            "Average": 0,
            "OneStarPercentage": 0,
            "TwoStarPercentage": 0,
            "ThreeStarPercentage": 0,
            "FourStarPercentage": 0,
            "FiveStarPercentage": 0
          },
          "HasProductSubs": false,
          "IsSponsoredAd": false,
          "AdID": null,
          "AdIndex": null,
          "ThirdPartyProductInfo": null,
          "MarketFeatures": null,
          "MarketSpecifications": null
        }
      ],
      "Name": "President Camembert Cheese"
    },
    {
      "Products": [
        {
          "TileID": 0,
          "Stockcode": 807868,
          "Barcode": "9310053105296",
          "GtinFormat": 13,
          "CupPrice": 30,
          "InstoreCupPrice": 30,
          "CupMeasure": "1KG",
          "CupString": "$30.00 / 1KG",
          "InstoreCupString": "$30.00 / 1KG",
          "HasCupPrice": true,
          "InstoreHasCupPrice": true,
          "Price": 6,
          "InstorePrice": 6,
          "Name": "Perfect Italiano Parmesan Block",
          "UrlFriendlyName": "perfect-italiano-parmesan-block",
          "Description": " Perfect Italiano Parmesan<br>Block  200g",
          "SmallImageFile": "https://cdn0.woolworths.media/content/wowproductimages/small/807868.jpg",
          "MediumImageFile": "https://cdn0.woolworths.media/content/wowproductimages/medium/807868.jpg",
          "LargeImageFile": "https://cdn0.woolworths.media/content/wowproductimages/large/807868.jpg",
          "IsNew": false,
          "IsOnSpecial": false,
          "InstoreIsOnSpecial": false,
          "IsEdrSpecial": false,
          "SavingsAmount": 0,
          "InstoreSavingsAmount": 0,
          "WasPrice": 6,
          "InstoreWasPrice": 6,
          "QuantityInTrolley": 0,
          "Unit": "Each",
          "MinimumQuantity": 1,
          "HasBeenBoughtBefore": false,
          "IsInTrolley": false,
          "Source": "Aisle.MeatSeafoodDeli",
          "SupplyLimit": 36,
          "IsRanged": false,
          "IsInStock": true,
          "PackageSize": "200g",
          "IsPmDelivery": true,
          "IsForCollection": true,
          "IsForDelivery": true,
          "IsForExpress": false,
          "ProductRestrictionMessage": null,
          "ProductWarningMessage": null,
          "CentreTag": {
            "TagContent": null,
            "TagLink": null,
            "FallbackText": null,
            "TagType": "None",
            "MultibuyData": null
          },
          "IsCentreTag": false,
          "ImageTag": {
            "TagContent": null,
            "TagLink": null,
            "FallbackText": "",
            "TagType": "None",
            "MultibuyData": null
          },
          "HeaderTag": null,
          "HasHeaderTag": false,
          "UnitWeightInGrams": 205,
          "SupplyLimitMessage": "'Perfect Italiano Parmesan Block' has a supply limit of 36. The quantity in your cart has been reduced accordingly. To purchase a larger quantity, please contact us on 1800 000 610. Please note we do not supply trade orders.",
          "SmallFormatDescription": "Perfect Italiano Parmesan Block ",
          "FullDescription": "Perfect Italiano Parmesan Block ",
          "IsAvailable": true,
          "InstoreIsAvailable": true,
          "IsPurchasable": true,
          "InstoreIsPurchasable": true,
          "AgeRestricted": false,
          "DisplayQuantity": 1,
          "RichDescription": "Our traditional style Parmesan is a medium strength flavour, perfect for those who prefer a milder style Parmesan. <br> Perfect grated or shaved to add some bold flavour to your pastas, risottos and salads. Perfect Italiano's traditional style Parmesan is aged to deliver a medium strength flavour, for those who prefer a milder style parmesan.",
          "IsDeliveryPass": false,
          "HideWasSavedPrice": false,
          "SapCategories": null,
          "Brand": "perfect italiano",
          "IsRestrictedByDeliveryMethod": false,
          "FooterTag": {
            "TagContent": null,
            "TagLink": null,
            "FallbackText": null,
            "TagType": "None",
            "MultibuyData": null
          },
          "IsFooterEnabled": true,
          "Diagnostics": "739",
          "IsBundle": false,
          "IsInFamily": false,
          "ChildProducts": [],
          "UrlOverride": null,
          "AdditionalAttributes": {
            "sapdepartmentname": "FRESH CONVENIENCE",
            "sapdepartmentno": "10",
            "sapcategoryname": "CHEESE COOKING",
            "sapcategoryno": "39",
            "sapsubcategoryname": "CHEESE COOKING",
            "sapsubcategoryno": "360",
            "sapsegmentname": "PARMESAN",
            "sapsegmentno": "10",
            "specialsgroupid": null,
            "PiesProductDepartmentNodeId": "1_D5A2236",
            "PiesProductDepartmentsjson": "[{\"Id\":\"1_D5A2236\",\"Description\":\"Meat, Seafood & Deli\"},{\"Id\":\"1_6E4F4E4\",\"Description\":\"Dairy, Eggs & Fridge\"}]",
            "piesdepartmentnamesjson": "[\"Meat, Seafood & Deli\",\"Dairy, Eggs & Fridge\"]",
            "piescategorynamesjson": "[\"Cheese\",\"Deli Specialities\"]",
            "piessubcategorynamesjson": "[\"Parmesan & Italian Cheese\",\"Gourmet Cheese\"]",
            "servingsize-total-nip": null,
            "servingsperpack-total-nip": null,
            "microwaveable": "False",
            "ovencook": "False",
            "vegetarian": "False",
            "freezable": "False",
            "containsnuts": "False",
            "containsgluten": "False",
            "description": "Our traditional style Parmesan is a medium strength flavour, perfect for those who prefer a milder style Parmesan. <br> Perfect grated or shaved to add some bold flavour to your pastas, risottos and salads. Perfect Italiano's traditional style Parmesan is aged to deliver a medium strength flavour, for those who prefer a milder style parmesan.",
            "ingredients": "*Milk*, Salt, Cultures, Enzyme",
            "nutritionalinformation": "{\"Name\":\"Nutritional Information\",\"Attributes\":[{\"Id\":705,\"Name\":\"Carbohydrate Quantity Per 100g - Total - NIP\",\"Value\":\"<1\",\"Description\":\"Carbohydrate Quantity Per 100g - Total - NIP\",\"SortOrder\":83},{\"Id\":706,\"Name\":\"Carbohydrate Quantity Per Serve - Total - NIP\",\"Value\":\"<1g\",\"Description\":\"Carbohydrate Quantity Per Serve - Total - NIP\",\"SortOrder\":87},{\"Id\":759,\"Name\":\"Energy kJ Quantity Per 100g - Total - NIP\",\"Value\":\"1610\",\"Description\":\"Energy kJ Quantity Per 100g - Total - NIP\",\"SortOrder\":239},{\"Id\":760,\"Name\":\"Energy kJ Quantity Per Serve - Total - NIP\",\"Value\":\"161kJ\",\"Description\":\"Energy kJ Quantity Per Serve - Total - NIP\",\"SortOrder\":243},{\"Id\":253,\"Name\":\"Fat Saturated Quantity Per 100g - Total - NIP\",\"Value\":\"27.2\",\"Description\":\"Fat Saturated Quantity Per 100g - Total - NIP\",\"SortOrder\":251},{\"Id\":258,\"Name\":\"Fat Saturated Quantity Per Serve - Total - NIP\",\"Value\":\"1.6g\",\"Description\":\"Fat Saturated Quantity Per Serve - Total - NIP\",\"SortOrder\":255},{\"Id\":764,\"Name\":\"Fat Total Quantity Per 100g - Total - NIP\",\"Value\":\"27.2\",\"Description\":\"Fat Total Quantity Per 100g - Total - NIP\",\"SortOrder\":263},{\"Id\":264,\"Name\":\"Fat Total Quantity Per Serve - Total - NIP\",\"Value\":\"2.7g\",\"Description\":\"Fat Total Quantity Per Serve - Total - NIP\",\"SortOrder\":267},{\"Id\":878,\"Name\":\"Protein Quantity Per 100g - Total - NIP\",\"Value\":\"32.7\",\"Description\":\"Protein Quantity Per 100g - Total - NIP\",\"SortOrder\":587},{\"Id\":882,\"Name\":\"Protein Quantity Per Serve - Total - NIP\",\"Value\":\"3.3g\",\"Description\":\"Protein Quantity Per Serve - Total - NIP\",\"SortOrder\":591},{\"Id\":477,\"Name\":\"Serving Size - Total - NIP\",\"Value\":\"10g\",\"Description\":\"Serving Size - Total - NIP\",\"SortOrder\":607},{\"Id\":544,\"Name\":\"Servings Per Pack - Total - NIP\",\"Value\":\"20\",\"Description\":\"Servings Per Pack - Total - NIP\",\"SortOrder\":611},{\"Id\":491,\"Name\":\"Sodium Quantity Per 100g - Total - NIP\",\"Value\":\"826\",\"Description\":\"Sodium Quantity Per 100g - Total - NIP\",\"SortOrder\":623},{\"Id\":495,\"Name\":\"Sodium Quantity Per Serve - Total - NIP\",\"Value\":\"83mg\",\"Description\":\"Sodium Quantity Per Serve - Total - NIP\",\"SortOrder\":627},{\"Id\":907,\"Name\":\"Sugars Quantity Per 100g - Prefix - NIP\",\"Value\":\"<\",\"Description\":\"Sugars Quantity Per 100g - Prefix - NIP\",\"SortOrder\":645},{\"Id\":908,\"Name\":\"Sugars Quantity Per 100g - SuffixUnits - NIP\",\"Value\":\"g\",\"Description\":\"Sugars Quantity Per 100g - SuffixUnits - NIP\",\"SortOrder\":646},{\"Id\":909,\"Name\":\"Sugars Quantity Per 100g - Total - NIP\",\"Value\":\"<1\",\"Description\":\"Sugars Quantity Per 100g - Total - NIP\",\"SortOrder\":647},{\"Id\":910,\"Name\":\"Sugars Quantity Per 100g - ValueWord - NIP\",\"Value\":\"1\",\"Description\":\"Sugars Quantity Per 100g - ValueWord - NIP\",\"SortOrder\":648},{\"Id\":504,\"Name\":\"Sugars Quantity Per Serve - Prefix - NIP\",\"Value\":\"<\",\"Description\":\"Sugars Quantity Per Serve - Prefix - NIP\",\"SortOrder\":649},{\"Id\":911,\"Name\":\"Sugars Quantity Per Serve - SuffixUnits - NIP\",\"Value\":\"g\",\"Description\":\"Sugars Quantity Per Serve - SuffixUnits - NIP\",\"SortOrder\":650},{\"Id\":912,\"Name\":\"Sugars Quantity Per Serve - Total - NIP\",\"Value\":\"<1g\",\"Description\":\"Sugars Quantity Per Serve - Total - NIP\",\"SortOrder\":651},{\"Id\":572,\"Name\":\"Sugars Quantity Per Serve - ValueWord - NIP\",\"Value\":\"1\",\"Description\":\"Sugars Quantity Per Serve - ValueWord - NIP\",\"SortOrder\":652}]}",
            "storageinstructions": "Keep refrigerated at or below 4°C.",
            "usageinstructions": null,
            "brand": "perfect italiano",
            "manufacturer": null,
            "countryoforigin": null,
            "productheightmm": null,
            "productwidthmm": null,
            "productdepthmm": null,
            "wool_productpackaging": null,
            "recyclableinformation": null,
            "importantinformation": null,
            "allergencontains": "Milk",
            "allergenmaybepresent": null,
            "allergystatement": "Fish Free",
            "lifestyleanddietarystatement": "Source of Calcium",
            "lifestyleclaim": null,
            "wool_dietaryclaim": null,
            "boxedcontents": null,
            "suitablefor": null,
            "fragrance": null,
            "colour": null,
            "antioxidant": "False",
            "addedvitaminsandminerals": "False",
            "bpafree": "False",
            "sulfatefree": "False",
            "parabenfree": "False",
            "claims": null,
            "alcoholfree": null,
            "anti-dandruff": null,
            "dermatologicallyapproved": null,
            "dermatologistrecommended": null,
            "dermatologisttested": null,
            "fragrance-free": null,
            "haircolour": null,
            "hairtype": null,
            "hypo-allergenic": null,
            "non-comedogenic": null,
            "oilfree": null,
            "ophthalmologistapproved": null,
            "ophthalmologisttested": null,
            "paba-free": null,
            "skincondition": null,
            "skintype": null,
            "soap-free": null,
            "spf": null,
            "sweatresistant": null,
            "timer": null,
            "waterresistant": null,
            "phbalanced": null,
            "antiseptic": "False",
            "antibacterial": "False",
            "activeconstituents": null,
            "contains": null,
            "microwavesafe": "False",
            "productimagecount": "5",
            "friendlydisclaimer": null,
            "productimages": "807868.jpg,807868_1.jpg,807868_2.jpg,807868_3.jpg,807868_4.jpg",
            "healthstarrating": "3",
            "tgawarnings": null,
            "vendorarticleid": null,
            "vendorcostprice": null,
            "tgawarning": null
          },
          "DetailsImagePaths": [
            "https://cdn0.woolworths.media/content/wowproductimages/large/807868.jpg",
            "https://cdn0.woolworths.media/content/wowproductimages/large/807868_1.jpg",
            "https://cdn0.woolworths.media/content/wowproductimages/large/807868_2.jpg",
            "https://cdn0.woolworths.media/content/wowproductimages/large/807868_3.jpg",
            "https://cdn0.woolworths.media/content/wowproductimages/large/807868_4.jpg"
          ],
          "Variety": null,
          "Rating": {
            "ReviewCount": 0,
            "RatingCount": 0,
            "RatingSum": 0,
            "OneStarCount": 0,
            "TwoStarCount": 0,
            "ThreeStarCount": 0,
            "FourStarCount": 0,
            "FiveStarCount": 0,
            "Average": 0,
            "OneStarPercentage": 0,
            "TwoStarPercentage": 0,
            "ThreeStarPercentage": 0,
            "FourStarPercentage": 0,
            "FiveStarPercentage": 0
          },
          "HasProductSubs": false,
          "IsSponsoredAd": false,
          "AdID": null,
          "AdIndex": null,
          "ThirdPartyProductInfo": null,
          "MarketFeatures": null,
          "MarketSpecifications": null
        }
      ],
      "Name": "Perfect Italiano Parmesan Block"
    },
    {
      "Products": [
        {
          "TileID": 0,
          "Stockcode": 815421,
          "Barcode": "9312726000716",
          "GtinFormat": 13,
          "CupPrice": 3.53,
          "InstoreCupPrice": 3.53,
          "CupMeasure": "100G",
          "CupString": "$3.53 / 100G",
          "InstoreCupString": "$3.53 / 100G",
          "HasCupPrice": true,
          "InstoreHasCupPrice": true,
          "Price": 6,
          "InstorePrice": 6,
          "Name": "Chris' Heritage Smoked Gouda & Jalapeno Dip",
          "UrlFriendlyName": "chris-heritage-smoked-gouda-jalapeno-dip",
          "Description": " Chris' Heritage Smoked Gouda<br>& Jalapeno Dip 170g",
          "SmallImageFile": "https://cdn0.woolworths.media/content/wowproductimages/small/815421.jpg",
          "MediumImageFile": "https://cdn0.woolworths.media/content/wowproductimages/medium/815421.jpg",
          "LargeImageFile": "https://cdn0.woolworths.media/content/wowproductimages/large/815421.jpg",
          "IsNew": false,
          "IsOnSpecial": true,
          "InstoreIsOnSpecial": true,
          "IsEdrSpecial": false,
          "SavingsAmount": 2,
          "InstoreSavingsAmount": 2,
          "WasPrice": 8,
          "InstoreWasPrice": 8,
          "QuantityInTrolley": 0,
          "Unit": "Each",
          "MinimumQuantity": 1,
          "HasBeenBoughtBefore": false,
          "IsInTrolley": false,
          "Source": "Aisle.MeatSeafoodDeli",
          "SupplyLimit": 36,
          "IsRanged": false,
          "IsInStock": true,
          "PackageSize": "170g",
          "IsPmDelivery": true,
          "IsForCollection": true,
          "IsForDelivery": true,
          "IsForExpress": false,
          "ProductRestrictionMessage": null,
          "ProductWarningMessage": null,
          "CentreTag": {
            "TagContent": null,
            "TagLink": null,
            "FallbackText": null,
            "TagType": "None",
            "MultibuyData": null
          },
          "IsCentreTag": false,
          "ImageTag": {
            "TagContent": "/content/promotiontags/roundel-special-200x200.png",
            "TagLink": "",
            "FallbackText": "On Special",
            "TagType": "None",
            "MultibuyData": null
          },
          "HeaderTag": {
            "BackgroundColor": "#fd0",
            "BorderColor": "#fd0",
            "TextColor": "#000",
            "Content": "Save $2.00",
            "TagLink": null,
            "Promotion": "Special"
          },
          "HasHeaderTag": true,
          "UnitWeightInGrams": 242,
          "SupplyLimitMessage": "'Chris' Heritage Smoked Gouda & Jalapeno Dip' has a supply limit of 36. The quantity in your cart has been reduced accordingly. To purchase a larger quantity, please contact us on 1800 000 610. Please note we do not supply trade orders.",
          "SmallFormatDescription": "Chris' Heritage Smoked Gouda & Jalapeno Dip",
          "FullDescription": "Chris' Heritage Smoked Gouda & Jalapeno Dip",
          "IsAvailable": true,
          "InstoreIsAvailable": true,
          "IsPurchasable": true,
          "InstoreIsPurchasable": true,
          "AgeRestricted": false,
          "DisplayQuantity": 1,
          "RichDescription": null,
          "IsDeliveryPass": false,
          "HideWasSavedPrice": false,
          "SapCategories": null,
          "Brand": "chris'",
          "IsRestrictedByDeliveryMethod": false,
          "FooterTag": {
            "TagContent": null,
            "TagLink": null,
            "FallbackText": null,
            "TagType": "None",
            "MultibuyData": null
          },
          "IsFooterEnabled": true,
          "Diagnostics": "740",
          "IsBundle": false,
          "IsInFamily": false,
          "ChildProducts": [],
          "UrlOverride": null,
          "AdditionalAttributes": {
            "sapdepartmentname": "FRESH CONVENIENCE",
            "sapdepartmentno": "10",
            "sapcategoryname": "DAIRY - ENTERTAINING",
            "sapcategoryno": "17",
            "sapsubcategoryname": "DAIRY - DIPS",
            "sapsubcategoryno": "865",
            "sapsegmentname": "DELI DIPS",
            "sapsegmentno": "31",
            "specialsgroupid": null,
            "PiesProductDepartmentNodeId": "1_6E4F4E4",
            "PiesProductDepartmentsjson": "[{\"Id\":\"1_6E4F4E4\",\"Description\":\"Dairy, Eggs & Fridge\"},{\"Id\":\"1_D5A2236\",\"Description\":\"Meat, Seafood & Deli\"}]",
            "piesdepartmentnamesjson": "[\"Dairy, Eggs & Fridge\",\"Meat, Seafood & Deli\"]",
            "piescategorynamesjson": "[\"Dips & Pate\",\"Deli Specialities\"]",
            "piessubcategorynamesjson": "[\"Dips\",\"Prepared Foods\",\"Dips & Pâté\"]",
            "servingsize-total-nip": null,
            "servingsperpack-total-nip": null,
            "microwaveable": "False",
            "ovencook": "False",
            "vegetarian": "False",
            "freezable": "False",
            "containsnuts": "False",
            "containsgluten": "False",
            "description": null,
            "ingredients": "Cream Cheese [Milk, Cream, Milk Solids Non Fat, Salt, Vegetable Gum (410), Food Acid (270), Starter Culture], Smoked Gouda (10%) [Milk, Animal Rennet, Salt, Starter Culture, Butter, Colour (160a), Emulsifying Salts (452, 339), Smoke Flavour], Mayonnaise [Canola Oil, Water, Vinegar, Egg, Salt, Sugar, Vegetable Gums (415, 401), Stabiliser (331), Lemon Juice], Cream [Cream, Mineral Salts (450, 500), Thickener (400)], Yoghurt [Milk, Milk Solids, Skim Milk, Cream, Cultures], Water, Canola Oil, Jalapeno (3%) [Food Acid (260), Preservative (202), Mineral Salt (509)], Food Acid (330), Preservatives (202, 211), Dextrose, Vegetable Gums (417, 415), Enclosed Sachet Ingredient: Chilli Flakes",
            "nutritionalinformation": "{\"Name\":\"Nutritional Information\",\"Attributes\":[{\"Id\":705,\"Name\":\"Carbohydrate Quantity Per 100g - Total - NIP\",\"Value\":\"Approx.2.6g\",\"Description\":\"Carbohydrate Quantity Per 100g - Total - NIP\",\"SortOrder\":83},{\"Id\":706,\"Name\":\"Carbohydrate Quantity Per Serve - Total - NIP\",\"Value\":\"Approx.0.5g\",\"Description\":\"Carbohydrate Quantity Per Serve - Total - NIP\",\"SortOrder\":87},{\"Id\":759,\"Name\":\"Energy kJ Quantity Per 100g - Total - NIP\",\"Value\":\"Approx.1280kJ\",\"Description\":\"Energy kJ Quantity Per 100g - Total - NIP\",\"SortOrder\":239},{\"Id\":760,\"Name\":\"Energy kJ Quantity Per Serve - Total - NIP\",\"Value\":\"Approx.256kJ\",\"Description\":\"Energy kJ Quantity Per Serve - Total - NIP\",\"SortOrder\":243},{\"Id\":253,\"Name\":\"Fat Saturated Quantity Per 100g - Total - NIP\",\"Value\":\"Approx.14g\",\"Description\":\"Fat Saturated Quantity Per 100g - Total - NIP\",\"SortOrder\":251},{\"Id\":258,\"Name\":\"Fat Saturated Quantity Per Serve - Total - NIP\",\"Value\":\"Approx.2.8g\",\"Description\":\"Fat Saturated Quantity Per Serve - Total - NIP\",\"SortOrder\":255},{\"Id\":764,\"Name\":\"Fat Total Quantity Per 100g - Total - NIP\",\"Value\":\"Approx.30.4g\",\"Description\":\"Fat Total Quantity Per 100g - Total - NIP\",\"SortOrder\":263},{\"Id\":264,\"Name\":\"Fat Total Quantity Per Serve - Total - NIP\",\"Value\":\"Approx.6.1g\",\"Description\":\"Fat Total Quantity Per Serve - Total - NIP\",\"SortOrder\":267},{\"Id\":878,\"Name\":\"Protein Quantity Per 100g - Total - NIP\",\"Value\":\"Approx.5.8g\",\"Description\":\"Protein Quantity Per 100g - Total - NIP\",\"SortOrder\":587},{\"Id\":882,\"Name\":\"Protein Quantity Per Serve - Total - NIP\",\"Value\":\"Approx.1.2g\",\"Description\":\"Protein Quantity Per Serve - Total - NIP\",\"SortOrder\":591},{\"Id\":477,\"Name\":\"Serving Size - Total - NIP\",\"Value\":\"20g\",\"Description\":\"Serving Size - Total - NIP\",\"SortOrder\":607},{\"Id\":544,\"Name\":\"Servings Per Pack - Total - NIP\",\"Value\":\"8.5\",\"Description\":\"Servings Per Pack - Total - NIP\",\"SortOrder\":611},{\"Id\":491,\"Name\":\"Sodium Quantity Per 100g - Total - NIP\",\"Value\":\"Approx.410mg\",\"Description\":\"Sodium Quantity Per 100g - Total - NIP\",\"SortOrder\":623},{\"Id\":495,\"Name\":\"Sodium Quantity Per Serve - Total - NIP\",\"Value\":\"Approx.82mg\",\"Description\":\"Sodium Quantity Per Serve - Total - NIP\",\"SortOrder\":627},{\"Id\":907,\"Name\":\"Sugars Quantity Per 100g - Prefix - NIP\",\"Value\":\"Approx.\",\"Description\":\"Sugars Quantity Per 100g - Prefix - NIP\",\"SortOrder\":645},{\"Id\":908,\"Name\":\"Sugars Quantity Per 100g - SuffixUnits - NIP\",\"Value\":\"g\",\"Description\":\"Sugars Quantity Per 100g - SuffixUnits - NIP\",\"SortOrder\":646},{\"Id\":909,\"Name\":\"Sugars Quantity Per 100g - Total - NIP\",\"Value\":\"Approx.2.6g\",\"Description\":\"Sugars Quantity Per 100g - Total - NIP\",\"SortOrder\":647},{\"Id\":910,\"Name\":\"Sugars Quantity Per 100g - ValueWord - NIP\",\"Value\":\"2.6\",\"Description\":\"Sugars Quantity Per 100g - ValueWord - NIP\",\"SortOrder\":648},{\"Id\":504,\"Name\":\"Sugars Quantity Per Serve - Prefix - NIP\",\"Value\":\"Approx.\",\"Description\":\"Sugars Quantity Per Serve - Prefix - NIP\",\"SortOrder\":649},{\"Id\":911,\"Name\":\"Sugars Quantity Per Serve - SuffixUnits - NIP\",\"Value\":\"g\",\"Description\":\"Sugars Quantity Per Serve - SuffixUnits - NIP\",\"SortOrder\":650},{\"Id\":912,\"Name\":\"Sugars Quantity Per Serve - Total - NIP\",\"Value\":\"Approx.0.5g\",\"Description\":\"Sugars Quantity Per Serve - Total - NIP\",\"SortOrder\":651},{\"Id\":572,\"Name\":\"Sugars Quantity Per Serve - ValueWord - NIP\",\"Value\":\"0.5\",\"Description\":\"Sugars Quantity Per Serve - ValueWord - NIP\",\"SortOrder\":652}]}",
            "storageinstructions": "Keep Refrigerated",
            "usageinstructions": null,
            "brand": "chris'",
            "manufacturer": null,
            "countryoforigin": null,
            "productheightmm": null,
            "productwidthmm": null,
            "productdepthmm": null,
            "wool_productpackaging": null,
            "recyclableinformation": null,
            "importantinformation": null,
            "allergencontains": "Egg, Milk",
            "allergenmaybepresent": "Tree Nuts",
            "allergystatement": "Fish Free",
            "lifestyleanddietarystatement": "Low Sugar",
            "lifestyleclaim": "Free From Gluten",
            "wool_dietaryclaim": "Low Sugars",
            "boxedcontents": null,
            "suitablefor": null,
            "fragrance": null,
            "colour": null,
            "antioxidant": "False",
            "addedvitaminsandminerals": "False",
            "bpafree": "False",
            "sulfatefree": "False",
            "parabenfree": "False",
            "claims": null,
            "alcoholfree": null,
            "anti-dandruff": null,
            "dermatologicallyapproved": null,
            "dermatologistrecommended": null,
            "dermatologisttested": null,
            "fragrance-free": null,
            "haircolour": null,
            "hairtype": null,
            "hypo-allergenic": null,
            "non-comedogenic": null,
            "oilfree": null,
            "ophthalmologistapproved": null,
            "ophthalmologisttested": null,
            "paba-free": null,
            "skincondition": null,
            "skintype": null,
            "soap-free": null,
            "spf": null,
            "sweatresistant": null,
            "timer": null,
            "waterresistant": null,
            "phbalanced": null,
            "antiseptic": "False",
            "antibacterial": "False",
            "activeconstituents": null,
            "contains": null,
            "microwavesafe": "False",
            "productimagecount": "4",
            "friendlydisclaimer": null,
            "productimages": "815421.jpg,815421_1.jpg,815421_5.jpg,815421_6.jpg",
            "healthstarrating": "0",
            "tgawarnings": null,
            "vendorarticleid": null,
            "vendorcostprice": null,
            "tgawarning": null
          },
          "DetailsImagePaths": [
            "https://cdn0.woolworths.media/content/wowproductimages/large/815421.jpg",
            "https://cdn0.woolworths.media/content/wowproductimages/large/815421_1.jpg",
            "https://cdn0.woolworths.media/content/wowproductimages/large/815421_5.jpg",
            "https://cdn0.woolworths.media/content/wowproductimages/large/815421_6.jpg"
          ],
          "Variety": "& jalapeno dip",
          "Rating": {
            "ReviewCount": 0,
            "RatingCount": 0,
            "RatingSum": 0,
            "OneStarCount": 0,
            "TwoStarCount": 0,
            "ThreeStarCount": 0,
            "FourStarCount": 0,
            "FiveStarCount": 0,
            "Average": 0,
            "OneStarPercentage": 0,
            "TwoStarPercentage": 0,
            "ThreeStarPercentage": 0,
            "FourStarPercentage": 0,
            "FiveStarPercentage": 0
          },
          "HasProductSubs": false,
          "IsSponsoredAd": false,
          "AdID": null,
          "AdIndex": null,
          "ThirdPartyProductInfo": null,
          "MarketFeatures": null,
          "MarketSpecifications": null
        }
      ],
      "Name": "Chris' Heritage Smoked Gouda & Jalapeno Dip"
    },
    {
      "Products": [
        {
          "TileID": 0,
          "Stockcode": 823696,
          "Barcode": "9312726002703",
          "GtinFormat": 13,
          "CupPrice": 3.53,
          "InstoreCupPrice": 3.53,
          "CupMeasure": "100G",
          "CupString": "$3.53 / 100G",
          "InstoreCupString": "$3.53 / 100G",
          "HasCupPrice": true,
          "InstoreHasCupPrice": true,
          "Price": 6,
          "InstorePrice": 6,
          "Name": "Chris' Heritage Dips Vintage Cheddar & Caramelised Onion Cheese",
          "UrlFriendlyName": "chris-heritage-dips-vintage-cheddar-caramelised-onion-cheese",
          "Description": " Chris' Heritage Dips Vintage<br>Cheddar &... 170g",
          "SmallImageFile": "https://cdn0.woolworths.media/content/wowproductimages/small/823696.jpg",
          "MediumImageFile": "https://cdn0.woolworths.media/content/wowproductimages/medium/823696.jpg",
          "LargeImageFile": "https://cdn0.woolworths.media/content/wowproductimages/large/823696.jpg",
          "IsNew": false,
          "IsOnSpecial": true,
          "InstoreIsOnSpecial": true,
          "IsEdrSpecial": false,
          "SavingsAmount": 2,
          "InstoreSavingsAmount": 2,
          "WasPrice": 8,
          "InstoreWasPrice": 8,
          "QuantityInTrolley": 0,
          "Unit": "Each",
          "MinimumQuantity": 1,
          "HasBeenBoughtBefore": false,
          "IsInTrolley": false,
          "Source": "Aisle.MeatSeafoodDeli",
          "SupplyLimit": 36,
          "IsRanged": false,
          "IsInStock": true,
          "PackageSize": "170g",
          "IsPmDelivery": true,
          "IsForCollection": true,
          "IsForDelivery": true,
          "IsForExpress": false,
          "ProductRestrictionMessage": null,
          "ProductWarningMessage": null,
          "CentreTag": {
            "TagContent": null,
            "TagLink": null,
            "FallbackText": null,
            "TagType": "None",
            "MultibuyData": null
          },
          "IsCentreTag": false,
          "ImageTag": {
            "TagContent": "/content/promotiontags/roundel-special-200x200.png",
            "TagLink": "",
            "FallbackText": "On Special",
            "TagType": "None",
            "MultibuyData": null
          },
          "HeaderTag": {
            "BackgroundColor": "#fd0",
            "BorderColor": "#fd0",
            "TextColor": "#000",
            "Content": "Save $2.00",
            "TagLink": null,
            "Promotion": "Special"
          },
          "HasHeaderTag": true,
          "UnitWeightInGrams": 170,
          "SupplyLimitMessage": "'Chris' Heritage Dips Vintage Cheddar & Caramelised Onion Cheese' has a supply limit of 36. The quantity in your cart has been reduced accordingly. To purchase a larger quantity, please contact us on 1800 000 610. Please note we do not supply trade orders.",
          "SmallFormatDescription": "Chris' Heritage Dips Vintage Cheddar & Caramelised Onion Cheese",
          "FullDescription": "Chris' Heritage Dips Vintage Cheddar & Caramelised Onion Cheese",
          "IsAvailable": true,
          "InstoreIsAvailable": true,
          "IsPurchasable": true,
          "InstoreIsPurchasable": true,
          "AgeRestricted": false,
          "DisplayQuantity": 1,
          "RichDescription": "<div>Chri's Heritage Dips with Vintage Cheddar cheese and Basalmic Caramelised Onions<br>- Australian dairy product competition 2015 - Silver.</div><div>- Packing is used by terracotta.<br><br></div>",
          "IsDeliveryPass": false,
          "HideWasSavedPrice": false,
          "SapCategories": null,
          "Brand": "chris'",
          "IsRestrictedByDeliveryMethod": false,
          "FooterTag": {
            "TagContent": null,
            "TagLink": null,
            "FallbackText": null,
            "TagType": "None",
            "MultibuyData": null
          },
          "IsFooterEnabled": true,
          "Diagnostics": "741",
          "IsBundle": false,
          "IsInFamily": false,
          "ChildProducts": [],
          "UrlOverride": null,
          "AdditionalAttributes": {
            "sapdepartmentname": "FRESH CONVENIENCE",
            "sapdepartmentno": "10",
            "sapcategoryname": "DAIRY - ENTERTAINING",
            "sapcategoryno": "17",
            "sapsubcategoryname": "DAIRY - DIPS",
            "sapsubcategoryno": "865",
            "sapsegmentname": "DELI DIPS",
            "sapsegmentno": "31",
            "specialsgroupid": null,
            "PiesProductDepartmentNodeId": "1_D5A2236",
            "PiesProductDepartmentsjson": "[{\"Id\":\"1_D5A2236\",\"Description\":\"Meat, Seafood & Deli\"},{\"Id\":\"1_6E4F4E4\",\"Description\":\"Dairy, Eggs & Fridge\"}]",
            "piesdepartmentnamesjson": "[\"Meat, Seafood & Deli\",\"Dairy, Eggs & Fridge\"]",
            "piescategorynamesjson": "[\"Dips & Pate\",\"Deli Specialities\"]",
            "piessubcategorynamesjson": "[\"Dips\",\"Dips & Pâté\",\"Prepared Foods\"]",
            "servingsize-total-nip": null,
            "servingsperpack-total-nip": null,
            "microwaveable": "False",
            "ovencook": "False",
            "vegetarian": "False",
            "freezable": "False",
            "containsnuts": "False",
            "containsgluten": "False",
            "description": "<div>Chri's Heritage Dips with Vintage Cheddar cheese and Basalmic Caramelised Onions<br>- Australian dairy product competition 2015 - Silver.</div><div>- Packing is used by terracotta.<br><br></div>",
            "ingredients": "Cream Cheese [Milk, Cream, Milk Solids Non Fat, Salt, Vegetable Gum (410), Food Acid (270), Starter Culture], Vintage Cheddar (17%) [Milk, Salt, Mineral Salt (509), Starter Culture, Animal Rennet, Preservatives (202, 221)], Caramelised Onion (12%) [Onion (80%), Canola Oil, Balsamic Vinegar, Olive Oil, Sugar, Salt, Cultured Dextrose], Cream [Cream, Mineral Salts (450, 500), Thickener (400)], Mayonnaise [Canola Oil, Water, Vinegar, Egg, Salt, Sugar, Vegetable Gums (415, 401), Stabiliser (331), Lemon Juice], Yoghurt [Milk, Milk Solids, Skim Milk, Cream, Cultures], Canola Oil, Food Acid (330), Preservatives (202, 211), Dextrose, Vegetable Gums (417, 415), Enclosed Sachet Ingredient: Black Pepper",
            "nutritionalinformation": "{\"Name\":\"Nutritional Information\",\"Attributes\":[{\"Id\":705,\"Name\":\"Carbohydrate Quantity Per 100g - Total - NIP\",\"Value\":\"Approx.5.1g\",\"Description\":\"Carbohydrate Quantity Per 100g - Total - NIP\",\"SortOrder\":83},{\"Id\":706,\"Name\":\"Carbohydrate Quantity Per Serve - Total - NIP\",\"Value\":\"Approx.1g\",\"Description\":\"Carbohydrate Quantity Per Serve - Total - NIP\",\"SortOrder\":87},{\"Id\":759,\"Name\":\"Energy kJ Quantity Per 100g - Total - NIP\",\"Value\":\"Approx.1370kJ\",\"Description\":\"Energy kJ Quantity Per 100g - Total - NIP\",\"SortOrder\":239},{\"Id\":760,\"Name\":\"Energy kJ Quantity Per Serve - Total - NIP\",\"Value\":\"Approx.274kJ\",\"Description\":\"Energy kJ Quantity Per Serve - Total - NIP\",\"SortOrder\":243},{\"Id\":253,\"Name\":\"Fat Saturated Quantity Per 100g - Total - NIP\",\"Value\":\"Approx.15.5g\",\"Description\":\"Fat Saturated Quantity Per 100g - Total - NIP\",\"SortOrder\":251},{\"Id\":258,\"Name\":\"Fat Saturated Quantity Per Serve - Total - NIP\",\"Value\":\"Approx.3.1g\",\"Description\":\"Fat Saturated Quantity Per Serve - Total - NIP\",\"SortOrder\":255},{\"Id\":764,\"Name\":\"Fat Total Quantity Per 100g - Total - NIP\",\"Value\":\"Approx.31.2g\",\"Description\":\"Fat Total Quantity Per 100g - Total - NIP\",\"SortOrder\":263},{\"Id\":264,\"Name\":\"Fat Total Quantity Per Serve - Total - NIP\",\"Value\":\"Approx.6.2g\",\"Description\":\"Fat Total Quantity Per Serve - Total - NIP\",\"SortOrder\":267},{\"Id\":878,\"Name\":\"Protein Quantity Per 100g - Total - NIP\",\"Value\":\"Approx.7.8g\",\"Description\":\"Protein Quantity Per 100g - Total - NIP\",\"SortOrder\":587},{\"Id\":882,\"Name\":\"Protein Quantity Per Serve - Total - NIP\",\"Value\":\"Approx.1.6g\",\"Description\":\"Protein Quantity Per Serve - Total - NIP\",\"SortOrder\":591},{\"Id\":477,\"Name\":\"Serving Size - Total - NIP\",\"Value\":\"20g\",\"Description\":\"Serving Size - Total - NIP\",\"SortOrder\":607},{\"Id\":544,\"Name\":\"Servings Per Pack - Total - NIP\",\"Value\":\"8.5\",\"Description\":\"Servings Per Pack - Total - NIP\",\"SortOrder\":611},{\"Id\":491,\"Name\":\"Sodium Quantity Per 100g - Total - NIP\",\"Value\":\"Approx.353mg\",\"Description\":\"Sodium Quantity Per 100g - Total - NIP\",\"SortOrder\":623},{\"Id\":495,\"Name\":\"Sodium Quantity Per Serve - Total - NIP\",\"Value\":\"Approx.71mg\",\"Description\":\"Sodium Quantity Per Serve - Total - NIP\",\"SortOrder\":627},{\"Id\":907,\"Name\":\"Sugars Quantity Per 100g - Prefix - NIP\",\"Value\":\"Approx.\",\"Description\":\"Sugars Quantity Per 100g - Prefix - NIP\",\"SortOrder\":645},{\"Id\":908,\"Name\":\"Sugars Quantity Per 100g - SuffixUnits - NIP\",\"Value\":\"g\",\"Description\":\"Sugars Quantity Per 100g - SuffixUnits - NIP\",\"SortOrder\":646},{\"Id\":909,\"Name\":\"Sugars Quantity Per 100g - Total - NIP\",\"Value\":\"Approx.4.3g\",\"Description\":\"Sugars Quantity Per 100g - Total - NIP\",\"SortOrder\":647},{\"Id\":910,\"Name\":\"Sugars Quantity Per 100g - ValueWord - NIP\",\"Value\":\"4.3\",\"Description\":\"Sugars Quantity Per 100g - ValueWord - NIP\",\"SortOrder\":648},{\"Id\":504,\"Name\":\"Sugars Quantity Per Serve - Prefix - NIP\",\"Value\":\"Approx.\",\"Description\":\"Sugars Quantity Per Serve - Prefix - NIP\",\"SortOrder\":649},{\"Id\":911,\"Name\":\"Sugars Quantity Per Serve - SuffixUnits - NIP\",\"Value\":\"g\",\"Description\":\"Sugars Quantity Per Serve - SuffixUnits - NIP\",\"SortOrder\":650},{\"Id\":912,\"Name\":\"Sugars Quantity Per Serve - Total - NIP\",\"Value\":\"Approx.0.9g\",\"Description\":\"Sugars Quantity Per Serve - Total - NIP\",\"SortOrder\":651},{\"Id\":572,\"Name\":\"Sugars Quantity Per Serve - ValueWord - NIP\",\"Value\":\"0.9\",\"Description\":\"Sugars Quantity Per Serve - ValueWord - NIP\",\"SortOrder\":652}]}",
            "storageinstructions": "Keep Refrigerated",
            "usageinstructions": null,
            "brand": "chris'",
            "manufacturer": null,
            "countryoforigin": null,
            "productheightmm": null,
            "productwidthmm": null,
            "productdepthmm": null,
            "wool_productpackaging": null,
            "recyclableinformation": null,
            "importantinformation": null,
            "allergencontains": "Egg, Milk, Sulphur Dioxide",
            "allergenmaybepresent": "Tree Nuts",
            "allergystatement": "Soy Free",
            "lifestyleanddietarystatement": "Gluten Free",
            "lifestyleclaim": "Free From Gluten",
            "wool_dietaryclaim": "Low Sugars",
            "boxedcontents": null,
            "suitablefor": null,
            "fragrance": null,
            "colour": null,
            "antioxidant": "False",
            "addedvitaminsandminerals": "False",
            "bpafree": "False",
            "sulfatefree": "False",
            "parabenfree": "False",
            "claims": null,
            "alcoholfree": null,
            "anti-dandruff": null,
            "dermatologicallyapproved": null,
            "dermatologistrecommended": null,
            "dermatologisttested": null,
            "fragrance-free": null,
            "haircolour": null,
            "hairtype": null,
            "hypo-allergenic": null,
            "non-comedogenic": null,
            "oilfree": null,
            "ophthalmologistapproved": null,
            "ophthalmologisttested": null,
            "paba-free": null,
            "skincondition": null,
            "skintype": null,
            "soap-free": null,
            "spf": null,
            "sweatresistant": null,
            "timer": null,
            "waterresistant": null,
            "phbalanced": null,
            "antiseptic": "False",
            "antibacterial": "False",
            "activeconstituents": null,
            "contains": null,
            "microwavesafe": "False",
            "productimagecount": "4",
            "friendlydisclaimer": null,
            "productimages": "823696.jpg,823696_1.jpg,823696_5.jpg,823696_6.jpg",
            "healthstarrating": "0",
            "tgawarnings": null,
            "vendorarticleid": null,
            "vendorcostprice": null,
            "tgawarning": null
          },
          "DetailsImagePaths": [
            "https://cdn0.woolworths.media/content/wowproductimages/large/823696.jpg",
            "https://cdn0.woolworths.media/content/wowproductimages/large/823696_1.jpg",
            "https://cdn0.woolworths.media/content/wowproductimages/large/823696_5.jpg",
            "https://cdn0.woolworths.media/content/wowproductimages/large/823696_6.jpg"
          ],
          "Variety": "& caramelised onion cheese",
          "Rating": {
            "ReviewCount": 0,
            "RatingCount": 0,
            "RatingSum": 0,
            "OneStarCount": 0,
            "TwoStarCount": 0,
            "ThreeStarCount": 0,
            "FourStarCount": 0,
            "FiveStarCount": 0,
            "Average": 0,
            "OneStarPercentage": 0,
            "TwoStarPercentage": 0,
            "ThreeStarPercentage": 0,
            "FourStarPercentage": 0,
            "FiveStarPercentage": 0
          },
          "HasProductSubs": false,
          "IsSponsoredAd": false,
          "AdID": null,
          "AdIndex": null,
          "ThirdPartyProductInfo": null,
          "MarketFeatures": null,
          "MarketSpecifications": null
        }
      ],
      "Name": "Chris' Heritage Dips Vintage Cheddar & Caramelised Onion Cheese"
    },
    {
      "Products": [
        {
          "TileID": 0,
          "Stockcode": 830726,
          "Barcode": "9339068007128",
          "GtinFormat": 13,
          "CupPrice": 2.4,
          "InstoreCupPrice": 2.4,
          "CupMeasure": "100G",
          "CupString": "$2.40 / 100G",
          "InstoreCupString": "$2.40 / 100G",
          "HasCupPrice": true,
          "InstoreHasCupPrice": true,
          "Price": 6,
          "InstorePrice": 6,
          "Name": "The Salad Servers Pumpkin & Quinoa",
          "UrlFriendlyName": "the-salad-servers-pumpkin-quinoa",
          "Description": " The Salad Servers Pumpkin &<br>Quinoa  250g",
          "SmallImageFile": "https://cdn0.woolworths.media/content/wowproductimages/small/830726.jpg",
          "MediumImageFile": "https://cdn0.woolworths.media/content/wowproductimages/medium/830726.jpg",
          "LargeImageFile": "https://cdn0.woolworths.media/content/wowproductimages/large/830726.jpg",
          "IsNew": false,
          "IsOnSpecial": false,
          "InstoreIsOnSpecial": false,
          "IsEdrSpecial": false,
          "SavingsAmount": 0,
          "InstoreSavingsAmount": 0,
          "WasPrice": 6,
          "InstoreWasPrice": 6,
          "QuantityInTrolley": 0,
          "Unit": "Each",
          "MinimumQuantity": 1,
          "HasBeenBoughtBefore": false,
          "IsInTrolley": false,
          "Source": "Aisle.MeatSeafoodDeli",
          "SupplyLimit": 36,
          "IsRanged": false,
          "IsInStock": true,
          "PackageSize": "250g",
          "IsPmDelivery": true,
          "IsForCollection": true,
          "IsForDelivery": true,
          "IsForExpress": false,
          "ProductRestrictionMessage": null,
          "ProductWarningMessage": null,
          "CentreTag": {
            "TagContent": null,
            "TagLink": null,
            "FallbackText": null,
            "TagType": "None",
            "MultibuyData": null
          },
          "IsCentreTag": false,
          "ImageTag": {
            "TagContent": null,
            "TagLink": null,
            "FallbackText": "",
            "TagType": "None",
            "MultibuyData": null
          },
          "HeaderTag": null,
          "HasHeaderTag": false,
          "UnitWeightInGrams": 250,
          "SupplyLimitMessage": "'The Salad Servers Pumpkin & Quinoa' has a supply limit of 36. The quantity in your cart has been reduced accordingly. To purchase a larger quantity, please contact us on 1800 000 610. Please note we do not supply trade orders.",
          "SmallFormatDescription": "The Salad Servers Pumpkin & Quinoa ",
          "FullDescription": "The Salad Servers Pumpkin & Quinoa ",
          "IsAvailable": true,
          "InstoreIsAvailable": true,
          "IsPurchasable": true,
          "InstoreIsPurchasable": true,
          "AgeRestricted": false,
          "DisplayQuantity": 1,
          "RichDescription": "A medley of Mediterranean vegetables & artichoke hearts with fresh herbs in a lemon citrus dressing.",
          "IsDeliveryPass": false,
          "HideWasSavedPrice": false,
          "SapCategories": null,
          "Brand": "the salad servers",
          "IsRestrictedByDeliveryMethod": false,
          "FooterTag": {
            "TagContent": null,
            "TagLink": null,
            "FallbackText": null,
            "TagType": "None",
            "MultibuyData": null
          },
          "IsFooterEnabled": true,
          "Diagnostics": "742",
          "IsBundle": false,
          "IsInFamily": false,
          "ChildProducts": [],
          "UrlOverride": null,
          "AdditionalAttributes": {
            "sapdepartmentname": "FRESH CONVENIENCE",
            "sapdepartmentno": "10",
            "sapcategoryname": "DELI CONVENIENCE",
            "sapcategoryno": "2",
            "sapsubcategoryname": "SALADS PREPACKED",
            "sapsubcategoryno": "265",
            "sapsegmentname": "GOURMET",
            "sapsegmentno": "1",
            "specialsgroupid": null,
            "PiesProductDepartmentNodeId": "1-E5BEE36E",
            "PiesProductDepartmentsjson": "[{\"Id\":\"1-E5BEE36E\",\"Description\":\"Fruit & Veg\"},{\"Id\":\"1_D5A2236\",\"Description\":\"Meat, Seafood & Deli\"},{\"Id\":\"1_6E4F4E4\",\"Description\":\"Dairy, Eggs & Fridge\"}]",
            "piesdepartmentnamesjson": "[\"Fruit & Veg\",\"Meat, Seafood & Deli\",\"Dairy, Eggs & Fridge\"]",
            "piescategorynamesjson": "[\"Salad\",\"Ready to Eat Meals\",\"Deli Specialities\"]",
            "piessubcategorynamesjson": "[\"Prepared Salads\",\"Salads\",\"Packaged Salads & Sides\"]",
            "servingsize-total-nip": null,
            "servingsperpack-total-nip": null,
            "microwaveable": "False",
            "ovencook": "False",
            "vegetarian": "False",
            "freezable": "False",
            "containsnuts": "False",
            "containsgluten": "False",
            "description": "A medley of Mediterranean vegetables & artichoke hearts with fresh herbs in a lemon citrus dressing.",
            "ingredients": "Cannelini Bean (24%), Chickpeas (20%), Soy Beans (14%), Roasted Capsicums (10%) (Capsicum, Vinegar, Salt, Sugar), Artichoke (Artichokes, Water, Salt, Acidity Regulators (Ascorbic Acid, Citric Acid)), Onion, Coriander, Shallots, Canola Oil, Vinegar, Sugar, Water, Salt, Garlic, Pepper, Vegetable Gum (Xanthan Gum).",
            "nutritionalinformation": "{\"Name\":\"Nutritional Information\",\"Attributes\":[{\"Id\":705,\"Name\":\"Carbohydrate Quantity Per 100g - Total - NIP\",\"Value\":\"9.7g\",\"Description\":\"Carbohydrate Quantity Per 100g - Total - NIP\",\"SortOrder\":83},{\"Id\":706,\"Name\":\"Carbohydrate Quantity Per Serve - Total - NIP\",\"Value\":\"29.0g\",\"Description\":\"Carbohydrate Quantity Per Serve - Total - NIP\",\"SortOrder\":87},{\"Id\":759,\"Name\":\"Energy kJ Quantity Per 100g - Total - NIP\",\"Value\":\"487 KJ (116Cal)\",\"Description\":\"Energy kJ Quantity Per 100g - Total - NIP\",\"SortOrder\":239},{\"Id\":760,\"Name\":\"Energy kJ Quantity Per Serve - Total - NIP\",\"Value\":\"1460 KJ (349 Cal\",\"Description\":\"Energy kJ Quantity Per Serve - Total - NIP\",\"SortOrder\":243},{\"Id\":253,\"Name\":\"Fat Saturated Quantity Per 100g - Total - NIP\",\"Value\":\"0.5g\",\"Description\":\"Fat Saturated Quantity Per 100g - Total - NIP\",\"SortOrder\":251},{\"Id\":258,\"Name\":\"Fat Saturated Quantity Per Serve - Total - NIP\",\"Value\":\"1.6g\",\"Description\":\"Fat Saturated Quantity Per Serve - Total - NIP\",\"SortOrder\":255},{\"Id\":764,\"Name\":\"Fat Total Quantity Per 100g - Total - NIP\",\"Value\":\"5.1g\",\"Description\":\"Fat Total Quantity Per 100g - Total - NIP\",\"SortOrder\":263},{\"Id\":264,\"Name\":\"Fat Total Quantity Per Serve - Total - NIP\",\"Value\":\"15.4g\",\"Description\":\"Fat Total Quantity Per Serve - Total - NIP\",\"SortOrder\":267},{\"Id\":878,\"Name\":\"Protein Quantity Per 100g - Total - NIP\",\"Value\":\"5.8g\",\"Description\":\"Protein Quantity Per 100g - Total - NIP\",\"SortOrder\":587},{\"Id\":882,\"Name\":\"Protein Quantity Per Serve - Total - NIP\",\"Value\":\"17.4g\",\"Description\":\"Protein Quantity Per Serve - Total - NIP\",\"SortOrder\":591},{\"Id\":477,\"Name\":\"Serving Size - Total - NIP\",\"Value\":\"300g\",\"Description\":\"Serving Size - Total - NIP\",\"SortOrder\":607},{\"Id\":544,\"Name\":\"Servings Per Pack - Total - NIP\",\"Value\":\"1\",\"Description\":\"Servings Per Pack - Total - NIP\",\"SortOrder\":611},{\"Id\":491,\"Name\":\"Sodium Quantity Per 100g - Total - NIP\",\"Value\":\"239mg\",\"Description\":\"Sodium Quantity Per 100g - Total - NIP\",\"SortOrder\":623},{\"Id\":495,\"Name\":\"Sodium Quantity Per Serve - Total - NIP\",\"Value\":\"716mg\",\"Description\":\"Sodium Quantity Per Serve - Total - NIP\",\"SortOrder\":627},{\"Id\":909,\"Name\":\"Sugars Quantity Per 100g - Total - NIP\",\"Value\":\"3.1g\",\"Description\":\"Sugars Quantity Per 100g - Total - NIP\",\"SortOrder\":647},{\"Id\":912,\"Name\":\"Sugars Quantity Per Serve - Total - NIP\",\"Value\":\"9.2g\",\"Description\":\"Sugars Quantity Per Serve - Total - NIP\",\"SortOrder\":651}]}",
            "storageinstructions": null,
            "usageinstructions": null,
            "brand": "the salad servers",
            "manufacturer": null,
            "countryoforigin": null,
            "productheightmm": null,
            "productwidthmm": null,
            "productdepthmm": null,
            "wool_productpackaging": null,
            "recyclableinformation": null,
            "importantinformation": null,
            "allergencontains": "Soy Beans",
            "allergenmaybepresent": "made of equipment that processes products containing Gluten, milk, egg, soy, crustacea, fish, sesame seeds, sulphites and tree nuts",
            "allergystatement": "Wheat Free",
            "lifestyleanddietarystatement": "Source of Protein",
            "lifestyleclaim": "Plant Based",
            "wool_dietaryclaim": null,
            "boxedcontents": null,
            "suitablefor": null,
            "fragrance": null,
            "colour": null,
            "antioxidant": "False",
            "addedvitaminsandminerals": "False",
            "bpafree": "False",
            "sulfatefree": "False",
            "parabenfree": "False",
            "claims": null,
            "alcoholfree": null,
            "anti-dandruff": null,
            "dermatologicallyapproved": null,
            "dermatologistrecommended": null,
            "dermatologisttested": null,
            "fragrance-free": null,
            "haircolour": null,
            "hairtype": null,
            "hypo-allergenic": null,
            "non-comedogenic": null,
            "oilfree": null,
            "ophthalmologistapproved": null,
            "ophthalmologisttested": null,
            "paba-free": null,
            "skincondition": null,
            "skintype": null,
            "soap-free": null,
            "spf": null,
            "sweatresistant": null,
            "timer": null,
            "waterresistant": null,
            "phbalanced": null,
            "antiseptic": "False",
            "antibacterial": "False",
            "activeconstituents": null,
            "contains": null,
            "microwavesafe": "False",
            "productimagecount": "1",
            "friendlydisclaimer": null,
            "productimages": "830726.jpg",
            "healthstarrating": "0",
            "tgawarnings": null,
            "vendorarticleid": null,
            "vendorcostprice": null,
            "tgawarning": null
          },
          "DetailsImagePaths": [
            "https://cdn0.woolworths.media/content/wowproductimages/large/830726.jpg"
          ],
          "Variety": "",
          "Rating": {
            "ReviewCount": 0,
            "RatingCount": 0,
            "RatingSum": 0,
            "OneStarCount": 0,
            "TwoStarCount": 0,
            "ThreeStarCount": 0,
            "FourStarCount": 0,
            "FiveStarCount": 0,
            "Average": 0,
            "OneStarPercentage": 0,
            "TwoStarPercentage": 0,
            "ThreeStarPercentage": 0,
            "FourStarPercentage": 0,
            "FiveStarPercentage": 0
          },
          "HasProductSubs": false,
          "IsSponsoredAd": false,
          "AdID": null,
          "AdIndex": null,
          "ThirdPartyProductInfo": null,
          "MarketFeatures": null,
          "MarketSpecifications": null
        }
      ],
      "Name": "The Salad Servers Pumpkin & Quinoa"
    },
    {
      "Products": [
        {
          "TileID": 0,
          "Stockcode": 839321,
          "Barcode": "9339068007166",
          "GtinFormat": 13,
          "CupPrice": 2,
          "InstoreCupPrice": 2,
          "CupMeasure": "100G",
          "CupString": "$2.00 / 100G",
          "InstoreCupString": "$2.00 / 100G",
          "HasCupPrice": true,
          "InstoreHasCupPrice": true,
          "Price": 6,
          "InstorePrice": 6,
          "Name": "The Salad Servers Salad Bean Medley",
          "UrlFriendlyName": "the-salad-servers-salad-bean-medley",
          "Description": " The Salad Servers Salad Bean<br>Medley 300g",
          "SmallImageFile": "https://cdn0.woolworths.media/content/wowproductimages/small/839321.jpg",
          "MediumImageFile": "https://cdn0.woolworths.media/content/wowproductimages/medium/839321.jpg",
          "LargeImageFile": "https://cdn0.woolworths.media/content/wowproductimages/large/839321.jpg",
          "IsNew": false,
          "IsOnSpecial": false,
          "InstoreIsOnSpecial": false,
          "IsEdrSpecial": false,
          "SavingsAmount": 0,
          "InstoreSavingsAmount": 0,
          "WasPrice": 6,
          "InstoreWasPrice": 6,
          "QuantityInTrolley": 0,
          "Unit": "Each",
          "MinimumQuantity": 1,
          "HasBeenBoughtBefore": false,
          "IsInTrolley": false,
          "Source": "Aisle.MeatSeafoodDeli",
          "SupplyLimit": 36,
          "IsRanged": false,
          "IsInStock": true,
          "PackageSize": "300g",
          "IsPmDelivery": true,
          "IsForCollection": true,
          "IsForDelivery": true,
          "IsForExpress": false,
          "ProductRestrictionMessage": null,
          "ProductWarningMessage": null,
          "CentreTag": {
            "TagContent": null,
            "TagLink": null,
            "FallbackText": null,
            "TagType": "None",
            "MultibuyData": null
          },
          "IsCentreTag": false,
          "ImageTag": {
            "TagContent": null,
            "TagLink": null,
            "FallbackText": "",
            "TagType": "None",
            "MultibuyData": null
          },
          "HeaderTag": null,
          "HasHeaderTag": false,
          "UnitWeightInGrams": 300,
          "SupplyLimitMessage": "'The Salad Servers Salad Bean Medley' has a supply limit of 36. The quantity in your cart has been reduced accordingly. To purchase a larger quantity, please contact us on 1800 000 610. Please note we do not supply trade orders.",
          "SmallFormatDescription": "The Salad Servers Salad Bean Medley",
          "FullDescription": "The Salad Servers Salad Bean Medley",
          "IsAvailable": true,
          "InstoreIsAvailable": true,
          "IsPurchasable": true,
          "InstoreIsPurchasable": true,
          "AgeRestricted": false,
          "DisplayQuantity": 1,
          "RichDescription": "<div>A beautiful combination of perfectly cooked tender beans & pulses with crunchy vegetables & fresh herbs in a lemon zest dressing </div>",
          "IsDeliveryPass": false,
          "HideWasSavedPrice": false,
          "SapCategories": null,
          "Brand": "the salad servers",
          "IsRestrictedByDeliveryMethod": false,
          "FooterTag": {
            "TagContent": null,
            "TagLink": null,
            "FallbackText": null,
            "TagType": "None",
            "MultibuyData": null
          },
          "IsFooterEnabled": true,
          "Diagnostics": "743",
          "IsBundle": false,
          "IsInFamily": false,
          "ChildProducts": [],
          "UrlOverride": null,
          "AdditionalAttributes": {
            "sapdepartmentname": "FRESH CONVENIENCE",
            "sapdepartmentno": "10",
            "sapcategoryname": "DELI CONVENIENCE",
            "sapcategoryno": "2",
            "sapsubcategoryname": "SALADS PREPACKED",
            "sapsubcategoryno": "265",
            "sapsegmentname": "GOURMET",
            "sapsegmentno": "1",
            "specialsgroupid": null,
            "PiesProductDepartmentNodeId": "1_D5A2236",
            "PiesProductDepartmentsjson": "[{\"Id\":\"1_D5A2236\",\"Description\":\"Meat, Seafood & Deli\"},{\"Id\":\"1_6E4F4E4\",\"Description\":\"Dairy, Eggs & Fridge\"},{\"Id\":\"1-E5BEE36E\",\"Description\":\"Fruit & Veg\"}]",
            "piesdepartmentnamesjson": "[\"Meat, Seafood & Deli\",\"Dairy, Eggs & Fridge\",\"Fruit & Veg\"]",
            "piescategorynamesjson": "[\"Salad\",\"Ready to Eat Meals\",\"Deli Specialities\"]",
            "piessubcategorynamesjson": "[\"Salads\",\"Prepared Salads\",\"Packaged Salads & Sides\"]",
            "servingsize-total-nip": null,
            "servingsperpack-total-nip": null,
            "microwaveable": "False",
            "ovencook": "False",
            "vegetarian": "False",
            "freezable": "False",
            "containsnuts": "False",
            "containsgluten": "False",
            "description": "<div>A beautiful combination of perfectly cooked tender beans & pulses with crunchy vegetables & fresh herbs in a lemon zest dressing </div>",
            "ingredients": "Mixed Beans (13%) (Beans (63%) (Red Kidney Beans, White Kidney Beans, Butter Beans, Chickpeas, Borlotti Beans), Water, Salt, Food Acid (300)), Red Kidney Bean (13%), Cannelini Bean (9%), Turtle Bean (9%), Corn, Soy Beans, Roasted Capsicums (Capsicum, Vinegar, Salt, Sugar), Celery, Onion, Carrot, Capsicum, Shallots, Parsley, Vinegar, Sugar, Water, Canola Oil, Lemon Zest (1%), Lemon Juice Concentrate, Salt, Garlic, Pepper, Vegetable Gum (Xanthan Gum).",
            "nutritionalinformation": "{\"Name\":\"Nutritional Information\",\"Attributes\":[{\"Id\":705,\"Name\":\"Carbohydrate Quantity Per 100g - Total - NIP\",\"Value\":\"10.3g\",\"Description\":\"Carbohydrate Quantity Per 100g - Total - NIP\",\"SortOrder\":83},{\"Id\":706,\"Name\":\"Carbohydrate Quantity Per Serve - Total - NIP\",\"Value\":\"20.7g\",\"Description\":\"Carbohydrate Quantity Per Serve - Total - NIP\",\"SortOrder\":87},{\"Id\":759,\"Name\":\"Energy kJ Quantity Per 100g - Total - NIP\",\"Value\":\"374KJ (89Cal)\",\"Description\":\"Energy kJ Quantity Per 100g - Total - NIP\",\"SortOrder\":239},{\"Id\":760,\"Name\":\"Energy kJ Quantity Per Serve - Total - NIP\",\"Value\":\"747KJ (178Cal)\",\"Description\":\"Energy kJ Quantity Per Serve - Total - NIP\",\"SortOrder\":243},{\"Id\":253,\"Name\":\"Fat Saturated Quantity Per 100g - Total - NIP\",\"Value\":\"0.3g\",\"Description\":\"Fat Saturated Quantity Per 100g - Total - NIP\",\"SortOrder\":251},{\"Id\":258,\"Name\":\"Fat Saturated Quantity Per Serve - Total - NIP\",\"Value\":\"0.5g\",\"Description\":\"Fat Saturated Quantity Per Serve - Total - NIP\",\"SortOrder\":255},{\"Id\":764,\"Name\":\"Fat Total Quantity Per 100g - Total - NIP\",\"Value\":\"2.0g\",\"Description\":\"Fat Total Quantity Per 100g - Total - NIP\",\"SortOrder\":263},{\"Id\":264,\"Name\":\"Fat Total Quantity Per Serve - Total - NIP\",\"Value\":\"4.1g\",\"Description\":\"Fat Total Quantity Per Serve - Total - NIP\",\"SortOrder\":267},{\"Id\":878,\"Name\":\"Protein Quantity Per 100g - Total - NIP\",\"Value\":\"5.2g\",\"Description\":\"Protein Quantity Per 100g - Total - NIP\",\"SortOrder\":587},{\"Id\":882,\"Name\":\"Protein Quantity Per Serve - Total - NIP\",\"Value\":\"10.3g\",\"Description\":\"Protein Quantity Per Serve - Total - NIP\",\"SortOrder\":591},{\"Id\":477,\"Name\":\"Serving Size - Total - NIP\",\"Value\":\"200g\",\"Description\":\"Serving Size - Total - NIP\",\"SortOrder\":607},{\"Id\":544,\"Name\":\"Servings Per Pack - Total - NIP\",\"Value\":\"4\",\"Description\":\"Servings Per Pack - Total - NIP\",\"SortOrder\":611},{\"Id\":491,\"Name\":\"Sodium Quantity Per 100g - Total - NIP\",\"Value\":\"233mg\",\"Description\":\"Sodium Quantity Per 100g - Total - NIP\",\"SortOrder\":623},{\"Id\":495,\"Name\":\"Sodium Quantity Per Serve - Total - NIP\",\"Value\":\"466mg\",\"Description\":\"Sodium Quantity Per Serve - Total - NIP\",\"SortOrder\":627},{\"Id\":907,\"Name\":\"Sugars Quantity Per 100g - Prefix - NIP\",\"Value\":\"\",\"Description\":\"Sugars Quantity Per 100g - Prefix - NIP\",\"SortOrder\":645},{\"Id\":908,\"Name\":\"Sugars Quantity Per 100g - SuffixUnits - NIP\",\"Value\":\"g\",\"Description\":\"Sugars Quantity Per 100g - SuffixUnits - NIP\",\"SortOrder\":646},{\"Id\":909,\"Name\":\"Sugars Quantity Per 100g - Total - NIP\",\"Value\":\"2.8g\",\"Description\":\"Sugars Quantity Per 100g - Total - NIP\",\"SortOrder\":647},{\"Id\":910,\"Name\":\"Sugars Quantity Per 100g - ValueWord - NIP\",\"Value\":\"3.6\",\"Description\":\"Sugars Quantity Per 100g - ValueWord - NIP\",\"SortOrder\":648},{\"Id\":504,\"Name\":\"Sugars Quantity Per Serve - Prefix - NIP\",\"Value\":\"\",\"Description\":\"Sugars Quantity Per Serve - Prefix - NIP\",\"SortOrder\":649},{\"Id\":911,\"Name\":\"Sugars Quantity Per Serve - SuffixUnits - NIP\",\"Value\":\"g\",\"Description\":\"Sugars Quantity Per Serve - SuffixUnits - NIP\",\"SortOrder\":650},{\"Id\":912,\"Name\":\"Sugars Quantity Per Serve - Total - NIP\",\"Value\":\"5.6g\",\"Description\":\"Sugars Quantity Per Serve - Total - NIP\",\"SortOrder\":651},{\"Id\":572,\"Name\":\"Sugars Quantity Per Serve - ValueWord - NIP\",\"Value\":\"5.5\",\"Description\":\"Sugars Quantity Per Serve - ValueWord - NIP\",\"SortOrder\":652}]}",
            "storageinstructions": "Store at or below 5C",
            "usageinstructions": null,
            "brand": "the salad servers",
            "manufacturer": null,
            "countryoforigin": null,
            "productheightmm": null,
            "productwidthmm": null,
            "productdepthmm": null,
            "wool_productpackaging": null,
            "recyclableinformation": null,
            "importantinformation": null,
            "allergencontains": "Soy Beans",
            "allergenmaybepresent": "made of equipment that processes products containing Gluten, milk, egg, soy, crustacea, fish, sesame seeds, sulphites and tree nuts",
            "allergystatement": "Wheat Free",
            "lifestyleanddietarystatement": "Source of Iron",
            "lifestyleclaim": "Plant Based",
            "wool_dietaryclaim": null,
            "boxedcontents": null,
            "suitablefor": null,
            "fragrance": null,
            "colour": null,
            "antioxidant": "False",
            "addedvitaminsandminerals": "False",
            "bpafree": "False",
            "sulfatefree": "False",
            "parabenfree": "False",
            "claims": null,
            "alcoholfree": null,
            "anti-dandruff": null,
            "dermatologicallyapproved": null,
            "dermatologistrecommended": null,
            "dermatologisttested": null,
            "fragrance-free": null,
            "haircolour": null,
            "hairtype": null,
            "hypo-allergenic": null,
            "non-comedogenic": null,
            "oilfree": null,
            "ophthalmologistapproved": null,
            "ophthalmologisttested": null,
            "paba-free": null,
            "skincondition": null,
            "skintype": null,
            "soap-free": null,
            "spf": null,
            "sweatresistant": null,
            "timer": null,
            "waterresistant": null,
            "phbalanced": null,
            "antiseptic": "False",
            "antibacterial": "False",
            "activeconstituents": null,
            "contains": null,
            "microwavesafe": "False",
            "productimagecount": "1",
            "friendlydisclaimer": null,
            "productimages": "839321.jpg",
            "healthstarrating": "0",
            "tgawarnings": null,
            "vendorarticleid": null,
            "vendorcostprice": null,
            "tgawarning": null
          },
          "DetailsImagePaths": [
            "https://cdn0.woolworths.media/content/wowproductimages/large/839321.jpg"
          ],
          "Variety": "bean medley",
          "Rating": {
            "ReviewCount": 0,
            "RatingCount": 0,
            "RatingSum": 0,
            "OneStarCount": 0,
            "TwoStarCount": 0,
            "ThreeStarCount": 0,
            "FourStarCount": 0,
            "FiveStarCount": 0,
            "Average": 0,
            "OneStarPercentage": 0,
            "TwoStarPercentage": 0,
            "ThreeStarPercentage": 0,
            "FourStarPercentage": 0,
            "FiveStarPercentage": 0
          },
          "HasProductSubs": false,
          "IsSponsoredAd": false,
          "AdID": null,
          "AdIndex": null,
          "ThirdPartyProductInfo": null,
          "MarketFeatures": null,
          "MarketSpecifications": null
        }
      ],
      "Name": "The Salad Servers Salad Bean Medley"
    }
  ],
  "TotalRecordCount": 1063,
  "UpperDynamicContent": null,
  "LowerDynamicContent": null,
  "RichRelevancePlacement": {
    "placement_name": null,
    "message": null,
    "Products": [],
    "Items": [],
    "StockcodesForDiscover": []
  },
  "Aggregations": [
    {
      "Name": "Brand",
      "DisplayName": "Brand",
      "Type": "Multi",
      "FilterType": "Term",
      "FilterDataType": "String",
      "Results": null,
      "ResultsGrouped": [
        {
          "Alphabet": "0-9",
          "Filters": [
            {
              "Name": "180 Degrees",
              "Term": "180 Degrees",
              "ExtraOutputFields": {},
              "Min": null,
              "Max": null,
              "Applied": false,
              "Count": 2,
              "Statement": null,
              "DisplayCoachMarks": false
            }
          ]
        },
        {
          "Alphabet": "A",
          "Filters": [
            {
              "Name": "Absolutely Wrapped",
              "Term": "Absolutely Wrapped",
              "ExtraOutputFields": {},
              "Min": null,
              "Max": null,
              "Applied": false,
              "Count": 2,
              "Statement": null,
              "DisplayCoachMarks": false
            },
            {
              "Name": "Alambra",
              "Term": "Alambra",
              "ExtraOutputFields": {},
              "Min": null,
              "Max": null,
              "Applied": false,
              "Count": 2,
              "Statement": null,
              "DisplayCoachMarks": false
            },
            {
              "Name": "ASP",
              "Term": "ASP",
              "ExtraOutputFields": {},
              "Min": null,
              "Max": null,
              "Applied": false,
              "Count": 1,
              "Statement": null,
              "DisplayCoachMarks": false
            }
          ]
        },
        {
          "Alphabet": "B",
          "Filters": [
            {
              "Name": "Beak & Sons",
              "Term": "Beak & Sons",
              "ExtraOutputFields": {},
              "Min": null,
              "Max": null,
              "Applied": false,
              "Count": 3,
              "Statement": null,
              "DisplayCoachMarks": false
            },
            {
              "Name": "Berretta",
              "Term": "Berretta",
              "ExtraOutputFields": {},
              "Min": null,
              "Max": null,
              "Applied": false,
              "Count": 1,
              "Statement": null,
              "DisplayCoachMarks": false
            },
            {
              "Name": "Bertocchi",
              "Term": "Bertocchi",
              "ExtraOutputFields": {},
              "Min": null,
              "Max": null,
              "Applied": false,
              "Count": 17,
              "Statement": null,
              "DisplayCoachMarks": false
            },
            {
              "Name": "Better Choice Fisheries",
              "Term": "Better Choice Fisheries",
              "ExtraOutputFields": {},
              "Min": null,
              "Max": null,
              "Applied": false,
              "Count": 2,
              "Statement": null,
              "DisplayCoachMarks": false
            },
            {
              "Name": "Birch & Waite",
              "Term": "Birch & Waite",
              "ExtraOutputFields": {},
              "Min": null,
              "Max": null,
              "Applied": false,
              "Count": 3,
              "Statement": null,
              "DisplayCoachMarks": false
            },
            {
              "Name": "Boston Bay",
              "Term": "Boston Bay",
              "ExtraOutputFields": {},
              "Min": null,
              "Max": null,
              "Applied": false,
              "Count": 1,
              "Statement": null,
              "DisplayCoachMarks": false
            },
            {
              "Name": "Boursin",
              "Term": "Boursin",
              "ExtraOutputFields": {},
              "Min": null,
              "Max": null,
              "Applied": false,
              "Count": 1,
              "Statement": null,
              "DisplayCoachMarks": false
            },
            {
              "Name": "Brancourts",
              "Term": "Brancourts",
              "ExtraOutputFields": {},
              "Min": null,
              "Max": null,
              "Applied": false,
              "Count": 4,
              "Statement": null,
              "DisplayCoachMarks": false
            },
            {
              "Name": "Bulla",
              "Term": "Bulla",
              "ExtraOutputFields": {},
              "Min": null,
              "Max": null,
              "Applied": false,
              "Count": 3,
              "Statement": null,
              "DisplayCoachMarks": false
            }
          ]
        },
        {
          "Alphabet": "C",
          "Filters": [
            {
              "Name": "Casa Leonardi",
              "Term": "Casa Leonardi",
              "ExtraOutputFields": {},
              "Min": null,
              "Max": null,
              "Applied": false,
              "Count": 1,
              "Statement": null,
              "DisplayCoachMarks": false
            },
            {
              "Name": "Castello",
              "Term": "Castello",
              "ExtraOutputFields": {},
              "Min": null,
              "Max": null,
              "Applied": false,
              "Count": 15,
              "Statement": null,
              "DisplayCoachMarks": false
            },
            {
              "Name": "Chris'",
              "Term": "Chris'",
              "ExtraOutputFields": {},
              "Min": null,
              "Max": null,
              "Applied": false,
              "Count": 3,
              "Statement": null,
              "DisplayCoachMarks": false
            },
            {
              "Name": "Chrystal Fresh",
              "Term": "Chrystal Fresh",
              "ExtraOutputFields": {},
              "Min": null,
              "Max": null,
              "Applied": false,
              "Count": 1,
              "Statement": null,
              "DisplayCoachMarks": false
            },
            {
              "Name": "Clearly Premium",
              "Term": "Clearly Premium",
              "ExtraOutputFields": {},
              "Min": null,
              "Max": null,
              "Applied": false,
              "Count": 6,
              "Statement": null,
              "DisplayCoachMarks": false
            },
            {
              "Name": "Cleaver's",
              "Term": "Cleaver's",
              "ExtraOutputFields": {},
              "Min": null,
              "Max": null,
              "Applied": false,
              "Count": 6,
              "Statement": null,
              "DisplayCoachMarks": false
            },
            {
              "Name": "Clonakilty",
              "Term": "Clonakilty",
              "ExtraOutputFields": {},
              "Min": null,
              "Max": null,
              "Applied": false,
              "Count": 1,
              "Statement": null,
              "DisplayCoachMarks": false
            },
            {
              "Name": "Cracker Barrel",
              "Term": "Cracker Barrel",
              "ExtraOutputFields": {},
              "Min": null,
              "Max": null,
              "Applied": false,
              "Count": 4,
              "Statement": null,
              "DisplayCoachMarks": false
            },
            {
              "Name": "Crystal Bay",
              "Term": "Crystal Bay",
              "ExtraOutputFields": {},
              "Min": null,
              "Max": null,
              "Applied": false,
              "Count": 1,
              "Statement": null,
              "DisplayCoachMarks": false
            }
          ]
        },
        {
          "Alphabet": "D",
          "Filters": [
            {
              "Name": "Daly Potato Co.",
              "Term": "Daly Potato Co.",
              "ExtraOutputFields": {},
              "Min": null,
              "Max": null,
              "Applied": false,
              "Count": 1,
              "Statement": null,
              "DisplayCoachMarks": false
            },
            {
              "Name": "De Costi",
              "Term": "De Costi",
              "ExtraOutputFields": {},
              "Min": null,
              "Max": null,
              "Applied": false,
              "Count": 6,
              "Statement": null,
              "DisplayCoachMarks": false
            },
            {
              "Name": "Dodoni",
              "Term": "Dodoni",
              "ExtraOutputFields": {},
              "Min": null,
              "Max": null,
              "Applied": false,
              "Count": 5,
              "Statement": null,
              "DisplayCoachMarks": false
            },
            {
              "Name": "Don",
              "Term": "Don",
              "ExtraOutputFields": {},
              "Min": null,
              "Max": null,
              "Applied": false,
              "Count": 27,
              "Statement": null,
              "DisplayCoachMarks": false
            },
            {
              "Name": "D'Orsogna",
              "Term": "D'Orsogna",
              "ExtraOutputFields": {},
              "Min": null,
              "Max": null,
              "Applied": false,
              "Count": 45,
              "Statement": null,
              "DisplayCoachMarks": false
            }
          ]
        },
        {
          "Alphabet": "E",
          "Filters": [
            {
              "Name": "Edgell",
              "Term": "Edgell",
              "ExtraOutputFields": {},
              "Min": null,
              "Max": null,
              "Applied": false,
              "Count": 1,
              "Statement": null,
              "DisplayCoachMarks": false
            },
            {
              "Name": "Essentials",
              "Term": "Essentials",
              "ExtraOutputFields": {},
              "Min": null,
              "Max": null,
              "Applied": false,
              "Count": 3,
              "Statement": null,
              "DisplayCoachMarks": false
            }
          ]
        },
        {
          "Alphabet": "F",
          "Filters": [
            {
              "Name": "Family Favourites",
              "Term": "Family Favourites",
              "ExtraOutputFields": {},
              "Min": null,
              "Max": null,
              "Applied": false,
              "Count": 1,
              "Statement": null,
              "DisplayCoachMarks": false
            },
            {
              "Name": "Fitzco",
              "Term": "Fitzco",
              "ExtraOutputFields": {},
              "Min": null,
              "Max": null,
              "Applied": false,
              "Count": 1,
              "Statement": null,
              "DisplayCoachMarks": false
            },
            {
              "Name": "Freedom Farms",
              "Term": "Freedom Farms",
              "ExtraOutputFields": {},
              "Min": null,
              "Max": null,
              "Applied": false,
              "Count": 2,
              "Statement": null,
              "DisplayCoachMarks": false
            },
            {
              "Name": "Frico",
              "Term": "Frico",
              "ExtraOutputFields": {},
              "Min": null,
              "Max": null,
              "Applied": false,
              "Count": 10,
              "Statement": null,
              "DisplayCoachMarks": false
            },
            {
              "Name": "From the Deli",
              "Term": "From the Deli",
              "ExtraOutputFields": {},
              "Min": null,
              "Max": null,
              "Applied": false,
              "Count": 6,
              "Statement": null,
              "DisplayCoachMarks": false
            },
            {
              "Name": "Fromager D'Affinois",
              "Term": "Fromager D'Affinois",
              "ExtraOutputFields": {},
              "Min": null,
              "Max": null,
              "Applied": false,
              "Count": 2,
              "Statement": null,
              "DisplayCoachMarks": false
            }
          ]
        },
        {
          "Alphabet": "G",
          "Filters": [
            {
              "Name": "Game Farm",
              "Term": "Game Farm",
              "ExtraOutputFields": {},
              "Min": null,
              "Max": null,
              "Applied": false,
              "Count": 1,
              "Statement": null,
              "DisplayCoachMarks": false
            },
            {
              "Name": "Garlo's",
              "Term": "Garlo's",
              "ExtraOutputFields": {},
              "Min": null,
              "Max": null,
              "Applied": false,
              "Count": 9,
              "Statement": null,
              "DisplayCoachMarks": false
            },
            {
              "Name": "Geoff Jansz",
              "Term": "Geoff Jansz",
              "ExtraOutputFields": {},
              "Min": null,
              "Max": null,
              "Applied": false,
              "Count": 2,
              "Statement": null,
              "DisplayCoachMarks": false
            },
            {
              "Name": "Gotzinger",
              "Term": "Gotzinger",
              "ExtraOutputFields": {},
              "Min": null,
              "Max": null,
              "Applied": false,
              "Count": 4,
              "Statement": null,
              "DisplayCoachMarks": false
            },
            {
              "Name": "Gourmet",
              "Term": "Gourmet",
              "ExtraOutputFields": {},
              "Min": null,
              "Max": null,
              "Applied": false,
              "Count": 1,
              "Statement": null,
              "DisplayCoachMarks": false
            },
            {
              "Name": "Gourmet Chef",
              "Term": "Gourmet Chef",
              "ExtraOutputFields": {},
              "Min": null,
              "Max": null,
              "Applied": false,
              "Count": 4,
              "Statement": null,
              "DisplayCoachMarks": false
            },
            {
              "Name": "Greek Family Farm",
              "Term": "Greek Family Farm",
              "ExtraOutputFields": {},
              "Min": null,
              "Max": null,
              "Applied": false,
              "Count": 1,
              "Statement": null,
              "DisplayCoachMarks": false
            },
            {
              "Name": "Guilleteau",
              "Term": "Guilleteau",
              "ExtraOutputFields": {},
              "Min": null,
              "Max": null,
              "Applied": false,
              "Count": 1,
              "Statement": null,
              "DisplayCoachMarks": false
            }
          ]
        },
        {
          "Alphabet": "H",
          "Filters": [
            {
              "Name": "Hans",
              "Term": "Hans",
              "ExtraOutputFields": {},
              "Min": null,
              "Max": null,
              "Applied": false,
              "Count": 13,
              "Statement": null,
              "DisplayCoachMarks": false
            },
            {
              "Name": "Hedy's",
              "Term": "Hedy's",
              "ExtraOutputFields": {},
              "Min": null,
              "Max": null,
              "Applied": false,
              "Count": 2,
              "Statement": null,
              "DisplayCoachMarks": false
            },
            {
              "Name": "Holland House",
              "Term": "Holland House",
              "ExtraOutputFields": {},
              "Min": null,
              "Max": null,
              "Applied": false,
              "Count": 2,
              "Statement": null,
              "DisplayCoachMarks": false
            },
            {
              "Name": "Humpty Doo",
              "Term": "Humpty Doo",
              "ExtraOutputFields": {},
              "Min": null,
              "Max": null,
              "Applied": false,
              "Count": 2,
              "Statement": null,
              "DisplayCoachMarks": false
            },
            {
              "Name": "Hunter Belle",
              "Term": "Hunter Belle",
              "ExtraOutputFields": {},
              "Min": null,
              "Max": null,
              "Applied": false,
              "Count": 2,
              "Statement": null,
              "DisplayCoachMarks": false
            },
            {
              "Name": "Huon",
              "Term": "Huon",
              "ExtraOutputFields": {},
              "Min": null,
              "Max": null,
              "Applied": false,
              "Count": 8,
              "Statement": null,
              "DisplayCoachMarks": false
            }
          ]
        },
        {
          "Alphabet": "I",
          "Filters": [
            {
              "Name": "Ingham's",
              "Term": "Ingham's",
              "ExtraOutputFields": {},
              "Min": null,
              "Max": null,
              "Applied": false,
              "Count": 27,
              "Statement": null,
              "DisplayCoachMarks": false
            },
            {
              "Name": "Ivans",
              "Term": "Ivans",
              "ExtraOutputFields": {},
              "Min": null,
              "Max": null,
              "Applied": false,
              "Count": 1,
              "Statement": null,
              "DisplayCoachMarks": false
            }
          ]
        },
        {
          "Alphabet": "J",
          "Filters": [
            {
              "Name": "Jacquin",
              "Term": "Jacquin",
              "ExtraOutputFields": {},
              "Min": null,
              "Max": null,
              "Applied": false,
              "Count": 2,
              "Statement": null,
              "DisplayCoachMarks": false
            },
            {
              "Name": "Jade Tiger",
              "Term": "Jade Tiger",
              "ExtraOutputFields": {},
              "Min": null,
              "Max": null,
              "Applied": false,
              "Count": 1,
              "Statement": null,
              "DisplayCoachMarks": false
            },
            {
              "Name": "Jarlsberg",
              "Term": "Jarlsberg",
              "ExtraOutputFields": {},
              "Min": null,
              "Max": null,
              "Applied": false,
              "Count": 3,
              "Statement": null,
              "DisplayCoachMarks": false
            },
            {
              "Name": "Julianne's Kitchen",
              "Term": "Julianne's Kitchen",
              "ExtraOutputFields": {},
              "Min": null,
              "Max": null,
              "Applied": false,
              "Count": 1,
              "Statement": null,
              "DisplayCoachMarks": false
            },
            {
              "Name": "Just Caught",
              "Term": "Just Caught",
              "ExtraOutputFields": {},
              "Min": null,
              "Max": null,
              "Applied": false,
              "Count": 11,
              "Statement": null,
              "DisplayCoachMarks": false
            }
          ]
        },
        {
          "Alphabet": "K",
          "Filters": [
            {
              "Name": "K R Castlemaine",
              "Term": "K R Castlemaine",
              "ExtraOutputFields": {},
              "Min": null,
              "Max": null,
              "Applied": false,
              "Count": 3,
              "Statement": null,
              "DisplayCoachMarks": false
            },
            {
              "Name": "King",
              "Term": "King",
              "ExtraOutputFields": {},
              "Min": null,
              "Max": null,
              "Applied": false,
              "Count": 1,
              "Statement": null,
              "DisplayCoachMarks": false
            },
            {
              "Name": "King Island",
              "Term": "King Island",
              "ExtraOutputFields": {},
              "Min": null,
              "Max": null,
              "Applied": false,
              "Count": 9,
              "Statement": null,
              "DisplayCoachMarks": false
            },
            {
              "Name": "KRC",
              "Term": "KRC",
              "ExtraOutputFields": {},
              "Min": null,
              "Max": null,
              "Applied": false,
              "Count": 1,
              "Statement": null,
              "DisplayCoachMarks": false
            },
            {
              "Name": "K-Roo",
              "Term": "K-Roo",
              "ExtraOutputFields": {},
              "Min": null,
              "Max": null,
              "Applied": false,
              "Count": 5,
              "Statement": null,
              "DisplayCoachMarks": false
            }
          ]
        },
        {
          "Alphabet": "L",
          "Filters": [
            {
              "Name": "La Casa",
              "Term": "La Casa",
              "ExtraOutputFields": {},
              "Min": null,
              "Max": null,
              "Applied": false,
              "Count": 10,
              "Statement": null,
              "DisplayCoachMarks": false
            },
            {
              "Name": "La Stella",
              "Term": "La Stella",
              "ExtraOutputFields": {},
              "Min": null,
              "Max": null,
              "Applied": false,
              "Count": 5,
              "Statement": null,
              "DisplayCoachMarks": false
            },
            {
              "Name": "Lemnos",
              "Term": "Lemnos",
              "ExtraOutputFields": {},
              "Min": null,
              "Max": null,
              "Applied": false,
              "Count": 12,
              "Statement": null,
              "DisplayCoachMarks": false
            },
            {
              "Name": "Luv-A-Duck",
              "Term": "Luv-A-Duck",
              "ExtraOutputFields": {},
              "Min": null,
              "Max": null,
              "Applied": false,
              "Count": 4,
              "Statement": null,
              "DisplayCoachMarks": false
            }
          ]
        },
        {
          "Alphabet": "M",
          "Filters": [
            {
              "Name": "Macro",
              "Term": "Macro",
              "ExtraOutputFields": {},
              "Min": null,
              "Max": null,
              "Applied": false,
              "Count": 23,
              "Statement": null,
              "DisplayCoachMarks": false
            },
            {
              "Name": "Maese Miguel",
              "Term": "Maese Miguel",
              "ExtraOutputFields": {},
              "Min": null,
              "Max": null,
              "Applied": false,
              "Count": 1,
              "Statement": null,
              "DisplayCoachMarks": false
            },
            {
              "Name": "Maggie Beer",
              "Term": "Maggie Beer",
              "ExtraOutputFields": {},
              "Min": null,
              "Max": null,
              "Applied": false,
              "Count": 13,
              "Statement": null,
              "DisplayCoachMarks": false
            },
            {
              "Name": "Margaret River",
              "Term": "Margaret River",
              "ExtraOutputFields": {},
              "Min": null,
              "Max": null,
              "Applied": false,
              "Count": 2,
              "Statement": null,
              "DisplayCoachMarks": false
            },
            {
              "Name": "Marsh's",
              "Term": "Marsh's",
              "ExtraOutputFields": {},
              "Min": null,
              "Max": null,
              "Applied": false,
              "Count": 1,
              "Statement": null,
              "DisplayCoachMarks": false
            },
            {
              "Name": "Mayers",
              "Term": "Mayers",
              "ExtraOutputFields": {},
              "Min": null,
              "Max": null,
              "Applied": false,
              "Count": 1,
              "Statement": null,
              "DisplayCoachMarks": false
            },
            {
              "Name": "Mayfair",
              "Term": "Mayfair",
              "ExtraOutputFields": {},
              "Min": null,
              "Max": null,
              "Applied": false,
              "Count": 3,
              "Statement": null,
              "DisplayCoachMarks": false
            },
            {
              "Name": "Melbourne Cheese Company",
              "Term": "Melbourne Cheese Company",
              "ExtraOutputFields": {},
              "Min": null,
              "Max": null,
              "Applied": false,
              "Count": 2,
              "Statement": null,
              "DisplayCoachMarks": false
            },
            {
              "Name": "Meredith Dairy",
              "Term": "Meredith Dairy",
              "ExtraOutputFields": {},
              "Min": null,
              "Max": null,
              "Applied": false,
              "Count": 6,
              "Statement": null,
              "DisplayCoachMarks": false
            },
            {
              "Name": "Mersey Valley",
              "Term": "Mersey Valley",
              "ExtraOutputFields": {},
              "Min": null,
              "Max": null,
              "Applied": false,
              "Count": 13,
              "Statement": null,
              "DisplayCoachMarks": false
            },
            {
              "Name": "Mifroma",
              "Term": "Mifroma",
              "ExtraOutputFields": {},
              "Min": null,
              "Max": null,
              "Applied": false,
              "Count": 2,
              "Statement": null,
              "DisplayCoachMarks": false
            },
            {
              "Name": "Miguel Maestre",
              "Term": "Miguel Maestre",
              "ExtraOutputFields": {},
              "Min": null,
              "Max": null,
              "Applied": false,
              "Count": 8,
              "Statement": null,
              "DisplayCoachMarks": false
            },
            {
              "Name": "Mil Lel",
              "Term": "Mil Lel",
              "ExtraOutputFields": {},
              "Min": null,
              "Max": null,
              "Applied": false,
              "Count": 5,
              "Statement": null,
              "DisplayCoachMarks": false
            },
            {
              "Name": "Moira Mac's",
              "Term": "Moira Mac's",
              "ExtraOutputFields": {},
              "Min": null,
              "Max": null,
              "Applied": false,
              "Count": 4,
              "Statement": null,
              "DisplayCoachMarks": false
            },
            {
              "Name": "Mon Ami",
              "Term": "Mon Ami",
              "ExtraOutputFields": {},
              "Min": null,
              "Max": null,
              "Applied": false,
              "Count": 3,
              "Statement": null,
              "DisplayCoachMarks": false
            },
            {
              "Name": "Montecatini",
              "Term": "Montecatini",
              "ExtraOutputFields": {},
              "Min": null,
              "Max": null,
              "Applied": false,
              "Count": 4,
              "Statement": null,
              "DisplayCoachMarks": false
            }
          ]
        },
        {
          "Alphabet": "N",
          "Filters": [
            {
              "Name": "Noel",
              "Term": "Noel",
              "ExtraOutputFields": {},
              "Min": null,
              "Max": null,
              "Applied": false,
              "Count": 1,
              "Statement": null,
              "DisplayCoachMarks": false
            },
            {
              "Name": "Norfolk Bay",
              "Term": "Norfolk Bay",
              "ExtraOutputFields": {},
              "Min": null,
              "Max": null,
              "Applied": false,
              "Count": 1,
              "Statement": null,
              "DisplayCoachMarks": false
            },
            {
              "Name": "Normandie",
              "Term": "Normandie",
              "ExtraOutputFields": {},
              "Min": null,
              "Max": null,
              "Applied": false,
              "Count": 5,
              "Statement": null,
              "DisplayCoachMarks": false
            }
          ]
        },
        {
          "Alphabet": "O",
          "Filters": [
            {
              "Name": "OB Finest",
              "Term": "OB Finest",
              "ExtraOutputFields": {},
              "Min": null,
              "Max": null,
              "Applied": false,
              "Count": 15,
              "Statement": null,
              "DisplayCoachMarks": false
            },
            {
              "Name": "Obela",
              "Term": "Obela",
              "ExtraOutputFields": {},
              "Min": null,
              "Max": null,
              "Applied": false,
              "Count": 4,
              "Statement": null,
              "DisplayCoachMarks": false
            },
            {
              "Name": "Ocean Blue",
              "Term": "Ocean Blue",
              "ExtraOutputFields": {},
              "Min": null,
              "Max": null,
              "Applied": false,
              "Count": 14,
              "Statement": null,
              "DisplayCoachMarks": false
            },
            {
              "Name": "Ocean Chef",
              "Term": "Ocean Chef",
              "ExtraOutputFields": {},
              "Min": null,
              "Max": null,
              "Applied": false,
              "Count": 14,
              "Statement": null,
              "DisplayCoachMarks": false
            },
            {
              "Name": "Ocean Pearl",
              "Term": "Ocean Pearl",
              "ExtraOutputFields": {},
              "Min": null,
              "Max": null,
              "Applied": false,
              "Count": 1,
              "Statement": null,
              "DisplayCoachMarks": false
            }
          ]
        },
        {
          "Alphabet": "P",
          "Filters": [
            {
              "Name": "Pantalica",
              "Term": "Pantalica",
              "ExtraOutputFields": {},
              "Min": null,
              "Max": null,
              "Applied": false,
              "Count": 1,
              "Statement": null,
              "DisplayCoachMarks": false
            },
            {
              "Name": "Paris Creek Farms",
              "Term": "Paris Creek Farms",
              "ExtraOutputFields": {},
              "Min": null,
              "Max": null,
              "Applied": false,
              "Count": 2,
              "Statement": null,
              "DisplayCoachMarks": false
            },
            {
              "Name": "Pastoral",
              "Term": "Pastoral",
              "ExtraOutputFields": {},
              "Min": null,
              "Max": null,
              "Applied": false,
              "Count": 2,
              "Statement": null,
              "DisplayCoachMarks": false
            },
            {
              "Name": "Peppercorn",
              "Term": "Peppercorn",
              "ExtraOutputFields": {},
              "Min": null,
              "Max": null,
              "Applied": false,
              "Count": 4,
              "Statement": null,
              "DisplayCoachMarks": false
            },
            {
              "Name": "Perfect Italiano",
              "Term": "Perfect Italiano",
              "ExtraOutputFields": {},
              "Min": null,
              "Max": null,
              "Applied": false,
              "Count": 8,
              "Statement": null,
              "DisplayCoachMarks": false
            },
            {
              "Name": "Perfecto",
              "Term": "Perfecto",
              "ExtraOutputFields": {},
              "Min": null,
              "Max": null,
              "Applied": false,
              "Count": 2,
              "Statement": null,
              "DisplayCoachMarks": false
            },
            {
              "Name": "Petuna",
              "Term": "Petuna",
              "ExtraOutputFields": {},
              "Min": null,
              "Max": null,
              "Applied": false,
              "Count": 1,
              "Statement": null,
              "DisplayCoachMarks": false
            },
            {
              "Name": "Pilpel",
              "Term": "Pilpel",
              "ExtraOutputFields": {},
              "Min": null,
              "Max": null,
              "Applied": false,
              "Count": 4,
              "Statement": null,
              "DisplayCoachMarks": false
            },
            {
              "Name": "Pioneer Poultry",
              "Term": "Pioneer Poultry",
              "ExtraOutputFields": {},
              "Min": null,
              "Max": null,
              "Applied": false,
              "Count": 4,
              "Statement": null,
              "DisplayCoachMarks": false
            },
            {
              "Name": "Pitango",
              "Term": "Pitango",
              "ExtraOutputFields": {},
              "Min": null,
              "Max": null,
              "Applied": false,
              "Count": 2,
              "Statement": null,
              "DisplayCoachMarks": false
            },
            {
              "Name": "President",
              "Term": "President",
              "ExtraOutputFields": {},
              "Min": null,
              "Max": null,
              "Applied": false,
              "Count": 4,
              "Statement": null,
              "DisplayCoachMarks": false
            },
            {
              "Name": "Primo",
              "Term": "Primo",
              "ExtraOutputFields": {},
              "Min": null,
              "Max": null,
              "Applied": false,
              "Count": 42,
              "Statement": null,
              "DisplayCoachMarks": false
            },
            {
              "Name": "Prosciutto Di San Daniele",
              "Term": "Prosciutto Di San Daniele",
              "ExtraOutputFields": {},
              "Min": null,
              "Max": null,
              "Applied": false,
              "Count": 1,
              "Statement": null,
              "DisplayCoachMarks": false
            }
          ]
        },
        {
          "Alphabet": "Q",
          "Filters": []
        },
        {
          "Alphabet": "R",
          "Filters": [
            {
              "Name": "Regal",
              "Term": "Regal",
              "ExtraOutputFields": {},
              "Min": null,
              "Max": null,
              "Applied": false,
              "Count": 1,
              "Statement": null,
              "DisplayCoachMarks": false
            },
            {
              "Name": "Riverland",
              "Term": "Riverland",
              "ExtraOutputFields": {},
              "Min": null,
              "Max": null,
              "Applied": false,
              "Count": 4,
              "Statement": null,
              "DisplayCoachMarks": false
            },
            {
              "Name": "Ruffie Rustic Foods",
              "Term": "Ruffie Rustic Foods",
              "ExtraOutputFields": {},
              "Min": null,
              "Max": null,
              "Applied": false,
              "Count": 2,
              "Statement": null,
              "DisplayCoachMarks": false
            }
          ]
        },
        {
          "Alphabet": "S",
          "Filters": [
            {
              "Name": "Safcol",
              "Term": "Safcol",
              "ExtraOutputFields": {},
              "Min": null,
              "Max": null,
              "Applied": false,
              "Count": 2,
              "Statement": null,
              "DisplayCoachMarks": false
            },
            {
              "Name": "Saint Agur",
              "Term": "Saint Agur",
              "ExtraOutputFields": {},
              "Min": null,
              "Max": null,
              "Applied": false,
              "Count": 1,
              "Statement": null,
              "DisplayCoachMarks": false
            },
            {
              "Name": "Salamanca Seafood Company",
              "Term": "Salamanca Seafood Company",
              "ExtraOutputFields": {},
              "Min": null,
              "Max": null,
              "Applied": false,
              "Count": 3,
              "Statement": null,
              "DisplayCoachMarks": false
            },
            {
              "Name": "San Marino",
              "Term": "San Marino",
              "ExtraOutputFields": {},
              "Min": null,
              "Max": null,
              "Applied": false,
              "Count": 17,
              "Statement": null,
              "DisplayCoachMarks": false
            },
            {
              "Name": "Shaw River",
              "Term": "Shaw River",
              "ExtraOutputFields": {},
              "Min": null,
              "Max": null,
              "Applied": false,
              "Count": 1,
              "Statement": null,
              "DisplayCoachMarks": false
            },
            {
              "Name": "Shore Mariner",
              "Term": "Shore Mariner",
              "ExtraOutputFields": {},
              "Min": null,
              "Max": null,
              "Applied": false,
              "Count": 1,
              "Statement": null,
              "DisplayCoachMarks": false
            },
            {
              "Name": "Simmone Logue",
              "Term": "Simmone Logue",
              "ExtraOutputFields": {},
              "Min": null,
              "Max": null,
              "Applied": false,
              "Count": 3,
              "Statement": null,
              "DisplayCoachMarks": false
            },
            {
              "Name": "Singletons",
              "Term": "Singletons",
              "ExtraOutputFields": {},
              "Min": null,
              "Max": null,
              "Applied": false,
              "Count": 1,
              "Statement": null,
              "DisplayCoachMarks": false
            },
            {
              "Name": "Snowdonia",
              "Term": "Snowdonia",
              "ExtraOutputFields": {},
              "Min": null,
              "Max": null,
              "Applied": false,
              "Count": 5,
              "Statement": null,
              "DisplayCoachMarks": false
            },
            {
              "Name": "South Cape",
              "Term": "South Cape",
              "ExtraOutputFields": {},
              "Min": null,
              "Max": null,
              "Applied": false,
              "Count": 27,
              "Statement": null,
              "DisplayCoachMarks": false
            },
            {
              "Name": "Steggles",
              "Term": "Steggles",
              "ExtraOutputFields": {},
              "Min": null,
              "Max": null,
              "Applied": false,
              "Count": 7,
              "Statement": null,
              "DisplayCoachMarks": false
            },
            {
              "Name": "Sunpork",
              "Term": "Sunpork",
              "ExtraOutputFields": {},
              "Min": null,
              "Max": null,
              "Applied": false,
              "Count": 1,
              "Statement": null,
              "DisplayCoachMarks": false
            },
            {
              "Name": "Supafin Seafoods",
              "Term": "Supafin Seafoods",
              "ExtraOutputFields": {},
              "Min": null,
              "Max": null,
              "Applied": false,
              "Count": 13,
              "Statement": null,
              "DisplayCoachMarks": false
            },
            {
              "Name": "Superior Gold",
              "Term": "Superior Gold",
              "ExtraOutputFields": {},
              "Min": null,
              "Max": null,
              "Applied": false,
              "Count": 1,
              "Statement": null,
              "DisplayCoachMarks": false
            },
            {
              "Name": "Swiss",
              "Term": "Swiss",
              "ExtraOutputFields": {},
              "Min": null,
              "Max": null,
              "Applied": false,
              "Count": 1,
              "Statement": null,
              "DisplayCoachMarks": false
            }
          ]
        },
        {
          "Alphabet": "T",
          "Filters": [
            {
              "Name": "Talley's",
              "Term": "Talley's",
              "ExtraOutputFields": {},
              "Min": null,
              "Max": null,
              "Applied": false,
              "Count": 4,
              "Statement": null,
              "DisplayCoachMarks": false
            },
            {
              "Name": "Tasmanian Heritage",
              "Term": "Tasmanian Heritage",
              "ExtraOutputFields": {},
              "Min": null,
              "Max": null,
              "Applied": false,
              "Count": 10,
              "Statement": null,
              "DisplayCoachMarks": false
            },
            {
              "Name": "Tasmanian Pate",
              "Term": "Tasmanian Pate",
              "ExtraOutputFields": {},
              "Min": null,
              "Max": null,
              "Applied": false,
              "Count": 2,
              "Statement": null,
              "DisplayCoachMarks": false
            },
            {
              "Name": "Tassal",
              "Term": "Tassal",
              "ExtraOutputFields": {},
              "Min": null,
              "Max": null,
              "Applied": false,
              "Count": 11,
              "Statement": null,
              "DisplayCoachMarks": false
            },
            {
              "Name": "The British Sausage Co",
              "Term": "The British Sausage Co",
              "ExtraOutputFields": {},
              "Min": null,
              "Max": null,
              "Applied": false,
              "Count": 2,
              "Statement": null,
              "DisplayCoachMarks": false
            },
            {
              "Name": "The Free Ranger",
              "Term": "The Free Ranger",
              "ExtraOutputFields": {},
              "Min": null,
              "Max": null,
              "Applied": false,
              "Count": 4,
              "Statement": null,
              "DisplayCoachMarks": false
            },
            {
              "Name": "The Salad Servers",
              "Term": "The Salad Servers",
              "ExtraOutputFields": {},
              "Min": null,
              "Max": null,
              "Applied": false,
              "Count": 5,
              "Statement": null,
              "DisplayCoachMarks": false
            },
            {
              "Name": "The Smokeman Brothers",
              "Term": "The Smokeman Brothers",
              "ExtraOutputFields": {},
              "Min": null,
              "Max": null,
              "Applied": false,
              "Count": 1,
              "Statement": null,
              "DisplayCoachMarks": false
            },
            {
              "Name": "Thomas Dux",
              "Term": "Thomas Dux",
              "ExtraOutputFields": {},
              "Min": null,
              "Max": null,
              "Applied": false,
              "Count": 14,
              "Statement": null,
              "DisplayCoachMarks": false
            },
            {
              "Name": "Three Aussie Farmers",
              "Term": "Three Aussie Farmers",
              "ExtraOutputFields": {},
              "Min": null,
              "Max": null,
              "Applied": false,
              "Count": 2,
              "Statement": null,
              "DisplayCoachMarks": false
            },
            {
              "Name": "Tibaldi",
              "Term": "Tibaldi",
              "ExtraOutputFields": {},
              "Min": null,
              "Max": null,
              "Applied": false,
              "Count": 1,
              "Statement": null,
              "DisplayCoachMarks": false
            },
            {
              "Name": "Tidbit Foods",
              "Term": "Tidbit Foods",
              "ExtraOutputFields": {},
              "Min": null,
              "Max": null,
              "Applied": false,
              "Count": 1,
              "Statement": null,
              "DisplayCoachMarks": false
            },
            {
              "Name": "Tropic Co",
              "Term": "Tropic Co",
              "ExtraOutputFields": {},
              "Min": null,
              "Max": null,
              "Applied": false,
              "Count": 1,
              "Statement": null,
              "DisplayCoachMarks": false
            },
            {
              "Name": "Tuckers",
              "Term": "Tuckers",
              "ExtraOutputFields": {},
              "Min": null,
              "Max": null,
              "Applied": false,
              "Count": 2,
              "Statement": null,
              "DisplayCoachMarks": false
            }
          ]
        },
        {
          "Alphabet": "U",
          "Filters": [
            {
              "Name": "Udder Delights",
              "Term": "Udder Delights",
              "ExtraOutputFields": {},
              "Min": null,
              "Max": null,
              "Applied": false,
              "Count": 1,
              "Statement": null,
              "DisplayCoachMarks": false
            },
            {
              "Name": "Unicorn",
              "Term": "Unicorn",
              "ExtraOutputFields": {},
              "Min": null,
              "Max": null,
              "Applied": false,
              "Count": 7,
              "Statement": null,
              "DisplayCoachMarks": false
            }
          ]
        },
        {
          "Alphabet": "V",
          "Filters": [
            {
              "Name": "Vega",
              "Term": "Vega",
              "ExtraOutputFields": {},
              "Min": null,
              "Max": null,
              "Applied": false,
              "Count": 1,
              "Statement": null,
              "DisplayCoachMarks": false
            }
          ]
        },
        {
          "Alphabet": "W",
          "Filters": [
            {
              "Name": "Westmont Pickles",
              "Term": "Westmont Pickles",
              "ExtraOutputFields": {},
              "Min": null,
              "Max": null,
              "Applied": false,
              "Count": 3,
              "Statement": null,
              "DisplayCoachMarks": false
            },
            {
              "Name": "Woolworths",
              "Term": "Woolworths",
              "ExtraOutputFields": {},
              "Min": null,
              "Max": null,
              "Applied": false,
              "Count": 292,
              "Statement": null,
              "DisplayCoachMarks": false
            }
          ]
        },
        {
          "Alphabet": "X",
          "Filters": []
        },
        {
          "Alphabet": "Y",
          "Filters": [
            {
              "Name": "Yarra Valley",
              "Term": "Yarra Valley",
              "ExtraOutputFields": {},
              "Min": null,
              "Max": null,
              "Applied": false,
              "Count": 3,
              "Statement": null,
              "DisplayCoachMarks": false
            },
            {
              "Name": "Yorkshire",
              "Term": "Yorkshire",
              "ExtraOutputFields": {},
              "Min": null,
              "Max": null,
              "Applied": false,
              "Count": 1,
              "Statement": null,
              "DisplayCoachMarks": false
            }
          ]
        },
        {
          "Alphabet": "Z",
          "Filters": [
            {
              "Name": "Zanetti",
              "Term": "Zanetti",
              "ExtraOutputFields": {},
              "Min": null,
              "Max": null,
              "Applied": false,
              "Count": 4,
              "Statement": null,
              "DisplayCoachMarks": false
            }
          ]
        }
      ],
      "State": "Closed",
      "Rank": 1,
      "AdditionalResults": false,
      "DesignType": "Default",
      "ShowFilter": true,
      "Statement": null,
      "DisplayCoachMarks": false
    },
    {
      "Name": "Allergens",
      "DisplayName": "Allergens",
      "Type": "Multi",
      "FilterType": "Term",
      "FilterDataType": "String",
      "Results": null,
      "ResultsGrouped": [
        {
          "Alphabet": "0-9",
          "Filters": []
        },
        {
          "Alphabet": "A",
          "Filters": []
        },
        {
          "Alphabet": "B",
          "Filters": []
        },
        {
          "Alphabet": "C",
          "Filters": [
            {
              "Name": "Crustacea Free",
              "Term": "Crustacea Free",
              "ExtraOutputFields": {},
              "Min": null,
              "Max": null,
              "Applied": false,
              "Count": 2,
              "Statement": null,
              "DisplayCoachMarks": false
            }
          ]
        },
        {
          "Alphabet": "D",
          "Filters": [
            {
              "Name": "Dairy Free",
              "Term": "Dairy Free",
              "ExtraOutputFields": {},
              "Min": null,
              "Max": null,
              "Applied": false,
              "Count": 278,
              "Statement": null,
              "DisplayCoachMarks": false
            }
          ]
        },
        {
          "Alphabet": "E",
          "Filters": [
            {
              "Name": "Egg Free",
              "Term": "Egg Free",
              "ExtraOutputFields": {},
              "Min": null,
              "Max": null,
              "Applied": false,
              "Count": 542,
              "Statement": null,
              "DisplayCoachMarks": false
            }
          ]
        },
        {
          "Alphabet": "F",
          "Filters": [
            {
              "Name": "Fish Free",
              "Term": "Fish Free",
              "ExtraOutputFields": {},
              "Min": null,
              "Max": null,
              "Applied": false,
              "Count": 507,
              "Statement": null,
              "DisplayCoachMarks": false
            }
          ]
        },
        {
          "Alphabet": "G",
          "Filters": [
            {
              "Name": "Gluten Free",
              "Term": "Gluten Free",
              "ExtraOutputFields": {},
              "Min": null,
              "Max": null,
              "Applied": false,
              "Count": 527,
              "Statement": null,
              "DisplayCoachMarks": false
            }
          ]
        },
        {
          "Alphabet": "H",
          "Filters": []
        },
        {
          "Alphabet": "I",
          "Filters": []
        },
        {
          "Alphabet": "J",
          "Filters": []
        },
        {
          "Alphabet": "K",
          "Filters": []
        },
        {
          "Alphabet": "L",
          "Filters": [
            {
              "Name": "Lactose Free",
              "Term": "Lactose Free",
              "ExtraOutputFields": {},
              "Min": null,
              "Max": null,
              "Applied": false,
              "Count": 279,
              "Statement": null,
              "DisplayCoachMarks": false
            },
            {
              "Name": "Lupin Free",
              "Term": "Lupin Free",
              "ExtraOutputFields": {},
              "Min": null,
              "Max": null,
              "Applied": false,
              "Count": 640,
              "Statement": null,
              "DisplayCoachMarks": false
            }
          ]
        },
        {
          "Alphabet": "M",
          "Filters": []
        },
        {
          "Alphabet": "N",
          "Filters": [
            {
              "Name": "No Artificial Colours or Flavours",
              "Term": "No Artificial Colours or Flavours",
              "ExtraOutputFields": {},
              "Min": null,
              "Max": null,
              "Applied": false,
              "Count": 300,
              "Statement": null,
              "DisplayCoachMarks": false
            },
            {
              "Name": "No Artificial Preservatives",
              "Term": "No Artificial Preservatives",
              "ExtraOutputFields": {},
              "Min": null,
              "Max": null,
              "Applied": false,
              "Count": 123,
              "Statement": null,
              "DisplayCoachMarks": false
            },
            {
              "Name": "No Peanuts",
              "Term": "No Peanuts",
              "ExtraOutputFields": {},
              "Min": null,
              "Max": null,
              "Applied": false,
              "Count": 6,
              "Statement": null,
              "DisplayCoachMarks": false
            },
            {
              "Name": "No Tree Nuts",
              "Term": "No Tree Nuts",
              "ExtraOutputFields": {},
              "Min": null,
              "Max": null,
              "Applied": false,
              "Count": 6,
              "Statement": null,
              "DisplayCoachMarks": false
            }
          ]
        },
        {
          "Alphabet": "O",
          "Filters": []
        },
        {
          "Alphabet": "P",
          "Filters": []
        },
        {
          "Alphabet": "Q",
          "Filters": []
        },
        {
          "Alphabet": "R",
          "Filters": []
        },
        {
          "Alphabet": "S",
          "Filters": [
            {
              "Name": "Sesame Free",
              "Term": "Sesame Free",
              "ExtraOutputFields": {},
              "Min": null,
              "Max": null,
              "Applied": false,
              "Count": 6,
              "Statement": null,
              "DisplayCoachMarks": false
            },
            {
              "Name": "Shellfish Free",
              "Term": "Shellfish Free",
              "ExtraOutputFields": {},
              "Min": null,
              "Max": null,
              "Applied": false,
              "Count": 2,
              "Statement": null,
              "DisplayCoachMarks": false
            },
            {
              "Name": "Soy Free",
              "Term": "Soy Free",
              "ExtraOutputFields": {},
              "Min": null,
              "Max": null,
              "Applied": false,
              "Count": 454,
              "Statement": null,
              "DisplayCoachMarks": false
            },
            {
              "Name": "Sulphite Free",
              "Term": "Sulphite Free",
              "ExtraOutputFields": {},
              "Min": null,
              "Max": null,
              "Applied": false,
              "Count": 2,
              "Statement": null,
              "DisplayCoachMarks": false
            }
          ]
        },
        {
          "Alphabet": "T",
          "Filters": []
        },
        {
          "Alphabet": "U",
          "Filters": []
        },
        {
          "Alphabet": "V",
          "Filters": []
        },
        {
          "Alphabet": "W",
          "Filters": [
            {
              "Name": "Wheat Free",
              "Term": "Wheat Free",
              "ExtraOutputFields": {},
              "Min": null,
              "Max": null,
              "Applied": false,
              "Count": 556,
              "Statement": null,
              "DisplayCoachMarks": false
            }
          ]
        },
        {
          "Alphabet": "X",
          "Filters": []
        },
        {
          "Alphabet": "Y",
          "Filters": []
        },
        {
          "Alphabet": "Z",
          "Filters": []
        }
      ],
      "State": "Closed",
      "Rank": 1,
      "AdditionalResults": false,
      "DesignType": "Default",
      "ShowFilter": true,
      "Statement": "Please always check the product label or enquire with the manufacturer before consuming. In Partnership with Spoon Guru. <a href=\" https://www.woolworths.com.au/shop/discover/healthy-eating/allergies-and-intolerances/filters\" target=\"_blank\">Find out more about our filters </a></span>",
      "DisplayCoachMarks": false
    },
    {
      "Name": "Lifestyle",
      "DisplayName": "Dietary and Lifestyle",
      "Type": "Multi",
      "FilterType": "Term",
      "FilterDataType": "String",
      "Results": null,
      "ResultsGrouped": [
        {
          "Alphabet": "0-9",
          "Filters": []
        },
        {
          "Alphabet": "A",
          "Filters": []
        },
        {
          "Alphabet": "B",
          "Filters": []
        },
        {
          "Alphabet": "C",
          "Filters": []
        },
        {
          "Alphabet": "D",
          "Filters": []
        },
        {
          "Alphabet": "E",
          "Filters": []
        },
        {
          "Alphabet": "F",
          "Filters": [
            {
              "Name": "Free Range",
              "Term": "Free Range",
              "ExtraOutputFields": {},
              "Min": null,
              "Max": null,
              "Applied": false,
              "Count": 36,
              "Statement": null,
              "DisplayCoachMarks": false
            }
          ]
        },
        {
          "Alphabet": "G",
          "Filters": [
            {
              "Name": "Gluten Free",
              "Term": "Gluten Free",
              "ExtraOutputFields": {},
              "Min": null,
              "Max": null,
              "Applied": false,
              "Count": 527,
              "Statement": null,
              "DisplayCoachMarks": false
            }
          ]
        },
        {
          "Alphabet": "H",
          "Filters": [
            {
              "Name": "Halal",
              "Term": "Halal",
              "ExtraOutputFields": {},
              "Min": null,
              "Max": null,
              "Applied": false,
              "Count": 25,
              "Statement": null,
              "DisplayCoachMarks": false
            },
            {
              "Name": "High Fibre",
              "Term": "High Fibre",
              "ExtraOutputFields": {},
              "Min": null,
              "Max": null,
              "Applied": false,
              "Count": 8,
              "Statement": null,
              "DisplayCoachMarks": false
            },
            {
              "Name": "High Protein",
              "Term": "High Protein",
              "ExtraOutputFields": {},
              "Min": null,
              "Max": null,
              "Applied": false,
              "Count": 254,
              "Statement": null,
              "DisplayCoachMarks": false
            }
          ]
        },
        {
          "Alphabet": "I",
          "Filters": []
        },
        {
          "Alphabet": "J",
          "Filters": []
        },
        {
          "Alphabet": "K",
          "Filters": [
            {
              "Name": "Kosher",
              "Term": "Kosher",
              "ExtraOutputFields": {},
              "Min": null,
              "Max": null,
              "Applied": false,
              "Count": 22,
              "Statement": null,
              "DisplayCoachMarks": false
            }
          ]
        },
        {
          "Alphabet": "L",
          "Filters": [
            {
              "Name": "Low Fat",
              "Term": "Low Fat",
              "ExtraOutputFields": {},
              "Min": null,
              "Max": null,
              "Applied": false,
              "Count": 118,
              "Statement": null,
              "DisplayCoachMarks": false
            },
            {
              "Name": "Low Salt",
              "Term": "Low Salt",
              "ExtraOutputFields": {},
              "Min": null,
              "Max": null,
              "Applied": false,
              "Count": 112,
              "Statement": null,
              "DisplayCoachMarks": false
            },
            {
              "Name": "Low Saturated Fat",
              "Term": "Low Saturated Fat",
              "ExtraOutputFields": {},
              "Min": null,
              "Max": null,
              "Applied": false,
              "Count": 107,
              "Statement": null,
              "DisplayCoachMarks": false
            },
            {
              "Name": "Low Sugar",
              "Term": "Low Sugar",
              "ExtraOutputFields": {},
              "Min": null,
              "Max": null,
              "Applied": false,
              "Count": 634,
              "Statement": null,
              "DisplayCoachMarks": false
            }
          ]
        },
        {
          "Alphabet": "M",
          "Filters": []
        },
        {
          "Alphabet": "N",
          "Filters": []
        },
        {
          "Alphabet": "O",
          "Filters": [
            {
              "Name": "Organic",
              "Term": "Organic",
              "ExtraOutputFields": {},
              "Min": null,
              "Max": null,
              "Applied": false,
              "Count": 19,
              "Statement": null,
              "DisplayCoachMarks": false
            }
          ]
        },
        {
          "Alphabet": "P",
          "Filters": []
        },
        {
          "Alphabet": "Q",
          "Filters": []
        },
        {
          "Alphabet": "R",
          "Filters": []
        },
        {
          "Alphabet": "S",
          "Filters": [
            {
              "Name": "Source of Calcium",
              "Term": "Source of Calcium",
              "ExtraOutputFields": {},
              "Min": null,
              "Max": null,
              "Applied": false,
              "Count": 120,
              "Statement": null,
              "DisplayCoachMarks": false
            },
            {
              "Name": "Source of Fibre",
              "Term": "Source of Fibre",
              "ExtraOutputFields": {},
              "Min": null,
              "Max": null,
              "Applied": false,
              "Count": 32,
              "Statement": null,
              "DisplayCoachMarks": false
            },
            {
              "Name": "Source of Iron",
              "Term": "Source of Iron",
              "ExtraOutputFields": {},
              "Min": null,
              "Max": null,
              "Applied": false,
              "Count": 58,
              "Statement": null,
              "DisplayCoachMarks": false
            },
            {
              "Name": "Source of Protein",
              "Term": "Source of Protein",
              "ExtraOutputFields": {},
              "Min": null,
              "Max": null,
              "Applied": false,
              "Count": 425,
              "Statement": null,
              "DisplayCoachMarks": false
            },
            {
              "Name": "Sustainably Sourced",
              "Term": "Sustainably Sourced",
              "ExtraOutputFields": {},
              "Min": null,
              "Max": null,
              "Applied": false,
              "Count": 7,
              "Statement": null,
              "DisplayCoachMarks": false
            }
          ]
        },
        {
          "Alphabet": "T",
          "Filters": []
        },
        {
          "Alphabet": "U",
          "Filters": []
        },
        {
          "Alphabet": "V",
          "Filters": [
            {
              "Name": "Vegan",
              "Term": "Vegan",
              "ExtraOutputFields": {},
              "Min": null,
              "Max": null,
              "Applied": false,
              "Count": 18,
              "Statement": null,
              "DisplayCoachMarks": false
            },
            {
              "Name": "Vegetarian",
              "Term": "Vegetarian",
              "ExtraOutputFields": {},
              "Min": null,
              "Max": null,
              "Applied": false,
              "Count": 164,
              "Statement": null,
              "DisplayCoachMarks": false
            }
          ]
        },
        {
          "Alphabet": "W",
          "Filters": []
        },
        {
          "Alphabet": "X",
          "Filters": []
        },
        {
          "Alphabet": "Y",
          "Filters": []
        },
        {
          "Alphabet": "Z",
          "Filters": []
        }
      ],
      "State": "Closed",
      "Rank": 1,
      "AdditionalResults": false,
      "DesignType": "Default",
      "ShowFilter": true,
      "Statement": "Please always check the product label or enquire with the manufacturer before consuming. In Partnership with Spoon Guru. <a href=\" https://www.woolworths.com.au/shop/discover/healthy-eating/allergies-and-intolerances/filters\" target=\"_blank\">Find out more about our filters </a></span>",
      "DisplayCoachMarks": false
    },
    {
      "Name": "Healthstar",
      "DisplayName": "Health Star Rating",
      "Type": "Multi",
      "FilterType": "Term",
      "FilterDataType": "String",
      "Results": null,
      "ResultsGrouped": [
        {
          "Alphabet": "0-9",
          "Filters": [
            {
              "Name": "1-star",
              "Term": "1-star",
              "ExtraOutputFields": {},
              "Min": null,
              "Max": null,
              "Applied": false,
              "Count": 31,
              "Statement": null,
              "DisplayCoachMarks": false
            },
            {
              "Name": "2-star",
              "Term": "2-star",
              "ExtraOutputFields": {},
              "Min": null,
              "Max": null,
              "Applied": false,
              "Count": 27,
              "Statement": null,
              "DisplayCoachMarks": false
            },
            {
              "Name": "3-star",
              "Term": "3-star",
              "ExtraOutputFields": {},
              "Min": null,
              "Max": null,
              "Applied": false,
              "Count": 78,
              "Statement": null,
              "DisplayCoachMarks": false
            },
            {
              "Name": "4-star",
              "Term": "4-star",
              "ExtraOutputFields": {},
              "Min": null,
              "Max": null,
              "Applied": false,
              "Count": 52,
              "Statement": null,
              "DisplayCoachMarks": false
            },
            {
              "Name": "5-star",
              "Term": "5-star",
              "ExtraOutputFields": {},
              "Min": null,
              "Max": null,
              "Applied": false,
              "Count": 6,
              "Statement": null,
              "DisplayCoachMarks": false
            }
          ]
        },
        {
          "Alphabet": "A",
          "Filters": []
        },
        {
          "Alphabet": "B",
          "Filters": []
        },
        {
          "Alphabet": "C",
          "Filters": []
        },
        {
          "Alphabet": "D",
          "Filters": []
        },
        {
          "Alphabet": "E",
          "Filters": []
        },
        {
          "Alphabet": "F",
          "Filters": []
        },
        {
          "Alphabet": "G",
          "Filters": []
        },
        {
          "Alphabet": "H",
          "Filters": []
        },
        {
          "Alphabet": "I",
          "Filters": []
        },
        {
          "Alphabet": "J",
          "Filters": []
        },
        {
          "Alphabet": "K",
          "Filters": []
        },
        {
          "Alphabet": "L",
          "Filters": []
        },
        {
          "Alphabet": "M",
          "Filters": []
        },
        {
          "Alphabet": "N",
          "Filters": []
        },
        {
          "Alphabet": "O",
          "Filters": []
        },
        {
          "Alphabet": "P",
          "Filters": []
        },
        {
          "Alphabet": "Q",
          "Filters": []
        },
        {
          "Alphabet": "R",
          "Filters": []
        },
        {
          "Alphabet": "S",
          "Filters": []
        },
        {
          "Alphabet": "T",
          "Filters": []
        },
        {
          "Alphabet": "U",
          "Filters": []
        },
        {
          "Alphabet": "V",
          "Filters": []
        },
        {
          "Alphabet": "W",
          "Filters": []
        },
        {
          "Alphabet": "X",
          "Filters": []
        },
        {
          "Alphabet": "Y",
          "Filters": []
        },
        {
          "Alphabet": "Z",
          "Filters": []
        }
      ],
      "State": "Closed",
      "Rank": 1,
      "AdditionalResults": false,
      "DesignType": "Default",
      "ShowFilter": true,
      "Statement": null,
      "DisplayCoachMarks": false
    },
    {
      "Name": "Category",
      "DisplayName": "Categories",
      "Type": "Multi",
      "FilterType": "Term",
      "FilterDataType": "String",
      "Results": [
        {
          "Name": "1_D5A2236",
          "Term": "1_D5A2236",
          "ExtraOutputFields": {
            "description": "Meat, Seafood & Deli",
            "nodelevel": 1,
            "displayorder": 2,
            "parentnodeid": null
          },
          "Min": null,
          "Max": null,
          "Applied": false,
          "Count": 1063,
          "Statement": null,
          "DisplayCoachMarks": false
        },
        {
          "Name": "1_0349B31",
          "Term": "1_0349B31",
          "ExtraOutputFields": {
            "description": "Deli Specialities",
            "nodelevel": 2,
            "displayorder": 125,
            "parentnodeid": "1_D5A2236"
          },
          "Min": null,
          "Max": null,
          "Applied": false,
          "Count": 382,
          "Statement": null,
          "DisplayCoachMarks": false
        },
        {
          "Name": "1_CED9B86",
          "Term": "1_CED9B86",
          "ExtraOutputFields": {
            "description": "Meat",
            "nodelevel": 2,
            "displayorder": 122,
            "parentnodeid": "1_D5A2236"
          },
          "Min": null,
          "Max": null,
          "Applied": false,
          "Count": 356,
          "Statement": null,
          "DisplayCoachMarks": false
        },
        {
          "Name": "1_C4BB750",
          "Term": "1_C4BB750",
          "ExtraOutputFields": {
            "description": "Easter",
            "nodelevel": 1,
            "displayorder": 14,
            "parentnodeid": null
          },
          "Min": null,
          "Max": null,
          "Applied": false,
          "Count": 317,
          "Statement": null,
          "DisplayCoachMarks": false
        },
        {
          "Name": "1_6E4F4E4",
          "Term": "1_6E4F4E4",
          "ExtraOutputFields": {
            "description": "Dairy, Eggs & Fridge",
            "nodelevel": 1,
            "displayorder": 4,
            "parentnodeid": null
          },
          "Min": null,
          "Max": null,
          "Applied": false,
          "Count": 302,
          "Statement": null,
          "DisplayCoachMarks": false
        },
        {
          "Name": "1_985493C",
          "Term": "1_985493C",
          "ExtraOutputFields": {
            "description": "Gourmet Cheese",
            "nodelevel": 3,
            "displayorder": 155,
            "parentnodeid": "1_0349B31"
          },
          "Min": null,
          "Max": null,
          "Applied": false,
          "Count": 252,
          "Statement": null,
          "DisplayCoachMarks": false
        },
        {
          "Name": "1_B7EF010",
          "Term": "1_B7EF010",
          "ExtraOutputFields": {
            "description": "Cheese",
            "nodelevel": 2,
            "displayorder": 59,
            "parentnodeid": "1_6E4F4E4"
          },
          "Min": null,
          "Max": null,
          "Applied": false,
          "Count": 250,
          "Statement": null,
          "DisplayCoachMarks": false
        },
        {
          "Name": "1_D673574",
          "Term": "1_D673574",
          "ExtraOutputFields": {
            "description": "Deli Meats",
            "nodelevel": 2,
            "displayorder": 124,
            "parentnodeid": "1_D5A2236"
          },
          "Min": null,
          "Max": null,
          "Applied": false,
          "Count": 224,
          "Statement": null,
          "DisplayCoachMarks": false
        },
        {
          "Name": "1_2FBF4AF",
          "Term": "1_2FBF4AF",
          "ExtraOutputFields": {
            "description": "Entertaining Cheese",
            "nodelevel": 3,
            "displayorder": 605,
            "parentnodeid": "1_B7EF010"
          },
          "Min": null,
          "Max": null,
          "Applied": false,
          "Count": 209,
          "Statement": null,
          "DisplayCoachMarks": false
        },
        {
          "Name": "1_DCDA127",
          "Term": "1_DCDA127",
          "ExtraOutputFields": {
            "description": "Entertaining",
            "nodelevel": 2,
            "displayorder": 115,
            "parentnodeid": "1_C4BB750"
          },
          "Min": null,
          "Max": null,
          "Applied": false,
          "Count": 172,
          "Statement": null,
          "DisplayCoachMarks": false
        },
        {
          "Name": "1_D610306",
          "Term": "1_D610306",
          "ExtraOutputFields": {
            "description": "Seafood",
            "nodelevel": 2,
            "displayorder": 123,
            "parentnodeid": "1_D5A2236"
          },
          "Min": null,
          "Max": null,
          "Applied": false,
          "Count": 166,
          "Statement": null,
          "DisplayCoachMarks": false
        },
        {
          "Name": "1_7A9E1A9",
          "Term": "1_7A9E1A9",
          "ExtraOutputFields": {
            "description": "Meat & Seafood",
            "nodelevel": 2,
            "displayorder": 116,
            "parentnodeid": "1_C4BB750"
          },
          "Min": null,
          "Max": null,
          "Applied": false,
          "Count": 145,
          "Statement": null,
          "DisplayCoachMarks": false
        },
        {
          "Name": "1_1A0F35E",
          "Term": "1_1A0F35E",
          "ExtraOutputFields": {
            "description": "Prepacked Seafood",
            "nodelevel": 3,
            "displayorder": 722,
            "parentnodeid": "1_D610306"
          },
          "Min": null,
          "Max": null,
          "Applied": false,
          "Count": 98,
          "Statement": null,
          "DisplayCoachMarks": false
        },
        {
          "Name": "1_983B0E2",
          "Term": "1_983B0E2",
          "ExtraOutputFields": {
            "description": "Chicken",
            "nodelevel": 3,
            "displayorder": 691,
            "parentnodeid": "1_CED9B86"
          },
          "Min": null,
          "Max": null,
          "Applied": false,
          "Count": 85,
          "Statement": null,
          "DisplayCoachMarks": false
        },
        {
          "Name": "1_7BCCD70",
          "Term": "1_7BCCD70",
          "ExtraOutputFields": {
            "description": "Deli Meats",
            "nodelevel": 3,
            "displayorder": 739,
            "parentnodeid": "1_DCDA127"
          },
          "Min": null,
          "Max": null,
          "Applied": false,
          "Count": 77,
          "Statement": null,
          "DisplayCoachMarks": false
        },
        {
          "Name": "1_D5ABEB8",
          "Term": "1_D5ABEB8",
          "ExtraOutputFields": {
            "description": "Beef, Pork & Lamb",
            "nodelevel": 3,
            "displayorder": 416,
            "parentnodeid": "1_7A9E1A9"
          },
          "Min": null,
          "Max": null,
          "Applied": false,
          "Count": 73,
          "Statement": null,
          "DisplayCoachMarks": false
        },
        {
          "Name": "1_F3CEF67",
          "Term": "1_F3CEF67",
          "ExtraOutputFields": {
            "description": "BBQ Meat & Seafood",
            "nodelevel": 2,
            "displayorder": 126,
            "parentnodeid": "1_D5A2236"
          },
          "Min": null,
          "Max": null,
          "Applied": false,
          "Count": 73,
          "Statement": null,
          "DisplayCoachMarks": false
        },
        {
          "Name": "1_825BAF8",
          "Term": "1_825BAF8",
          "ExtraOutputFields": {
            "description": "Cooking Cheese",
            "nodelevel": 3,
            "displayorder": 608,
            "parentnodeid": "1_B7EF010"
          },
          "Min": null,
          "Max": null,
          "Applied": false,
          "Count": 72,
          "Statement": null,
          "DisplayCoachMarks": false
        },
        {
          "Name": "1_17D32E9",
          "Term": "1_17D32E9",
          "ExtraOutputFields": {
            "description": "Sliced Meats",
            "nodelevel": 3,
            "displayorder": 727,
            "parentnodeid": "1_D673574"
          },
          "Min": null,
          "Max": null,
          "Applied": false,
          "Count": 71,
          "Statement": null,
          "DisplayCoachMarks": false
        },
        {
          "Name": "1_13C99DF",
          "Term": "1_13C99DF",
          "ExtraOutputFields": {
            "description": "Ham & Bacon",
            "nodelevel": 3,
            "displayorder": 725,
            "parentnodeid": "1_D673574"
          },
          "Min": null,
          "Max": null,
          "Applied": false,
          "Count": 69,
          "Statement": null,
          "DisplayCoachMarks": false
        },
        {
          "Name": "1_3AE8E17",
          "Term": "1_3AE8E17",
          "ExtraOutputFields": {
            "description": "Cheese & Crackers",
            "nodelevel": 3,
            "displayorder": 734,
            "parentnodeid": "1_DCDA127"
          },
          "Min": null,
          "Max": null,
          "Applied": false,
          "Count": 69,
          "Statement": null,
          "DisplayCoachMarks": false
        },
        {
          "Name": "1_7039540",
          "Term": "1_7039540",
          "ExtraOutputFields": {
            "description": "Soft Cheese",
            "nodelevel": 3,
            "displayorder": 606,
            "parentnodeid": "1_B7EF010"
          },
          "Min": null,
          "Max": null,
          "Applied": false,
          "Count": 63,
          "Statement": null,
          "DisplayCoachMarks": false
        },
        {
          "Name": "1_824574C",
          "Term": "1_824574C",
          "ExtraOutputFields": {
            "description": "Deli Seafood",
            "nodelevel": 3,
            "displayorder": 723,
            "parentnodeid": "1_D610306"
          },
          "Min": null,
          "Max": null,
          "Applied": false,
          "Count": 63,
          "Statement": null,
          "DisplayCoachMarks": false
        },
        {
          "Name": "1_10817BA",
          "Term": "1_10817BA",
          "ExtraOutputFields": {
            "description": "Pork",
            "nodelevel": 3,
            "displayorder": 693,
            "parentnodeid": "1_CED9B86"
          },
          "Min": null,
          "Max": null,
          "Applied": false,
          "Count": 58,
          "Statement": null,
          "DisplayCoachMarks": false
        },
        {
          "Name": "1_F4365AA",
          "Term": "1_F4365AA",
          "ExtraOutputFields": {
            "description": "Burgers & Sausages",
            "nodelevel": 3,
            "displayorder": 697,
            "parentnodeid": "1_CED9B86"
          },
          "Min": null,
          "Max": null,
          "Applied": false,
          "Count": 50,
          "Statement": null,
          "DisplayCoachMarks": false
        },
        {
          "Name": "1_A28BC2C",
          "Term": "1_A28BC2C",
          "ExtraOutputFields": {
            "description": "Dips & Pâté",
            "nodelevel": 3,
            "displayorder": 154,
            "parentnodeid": "1_0349B31"
          },
          "Min": null,
          "Max": null,
          "Applied": false,
          "Count": 48,
          "Statement": null,
          "DisplayCoachMarks": false
        },
        {
          "Name": "1_B8AF396",
          "Term": "1_B8AF396",
          "ExtraOutputFields": {
            "description": "Deli Meat",
            "nodelevel": 3,
            "displayorder": 698,
            "parentnodeid": "1_CED9B86"
          },
          "Min": null,
          "Max": null,
          "Applied": false,
          "Count": 46,
          "Statement": null,
          "DisplayCoachMarks": false
        },
        {
          "Name": "1_754256E",
          "Term": "1_754256E",
          "ExtraOutputFields": {
            "description": "Salami",
            "nodelevel": 3,
            "displayorder": 726,
            "parentnodeid": "1_D673574"
          },
          "Min": null,
          "Max": null,
          "Applied": false,
          "Count": 43,
          "Statement": null,
          "DisplayCoachMarks": false
        },
        {
          "Name": "1_EA99491",
          "Term": "1_EA99491",
          "ExtraOutputFields": {
            "description": "Prepared Foods",
            "nodelevel": 3,
            "displayorder": 159,
            "parentnodeid": "1_0349B31"
          },
          "Min": null,
          "Max": null,
          "Applied": false,
          "Count": 43,
          "Statement": null,
          "DisplayCoachMarks": false
        },
        {
          "Name": "1_B5F6C99",
          "Term": "1_B5F6C99",
          "ExtraOutputFields": {
            "description": "Beef & Veal",
            "nodelevel": 3,
            "displayorder": 690,
            "parentnodeid": "1_CED9B86"
          },
          "Min": null,
          "Max": null,
          "Applied": false,
          "Count": 42,
          "Statement": null,
          "DisplayCoachMarks": false
        },
        {
          "Name": "1_6F8D23A",
          "Term": "1_6F8D23A",
          "ExtraOutputFields": {
            "description": "Burgers & Sausages",
            "nodelevel": 3,
            "displayorder": 791,
            "parentnodeid": "1_F3CEF67"
          },
          "Min": null,
          "Max": null,
          "Applied": false,
          "Count": 36,
          "Statement": null,
          "DisplayCoachMarks": false
        },
        {
          "Name": "1_626AB17",
          "Term": "1_626AB17",
          "ExtraOutputFields": {
            "description": "Ready to Eat Meals",
            "nodelevel": 2,
            "displayorder": 66,
            "parentnodeid": "1_6E4F4E4"
          },
          "Min": null,
          "Max": null,
          "Applied": false,
          "Count": 34,
          "Statement": null,
          "DisplayCoachMarks": false
        },
        {
          "Name": "1_8C87450",
          "Term": "1_8C87450",
          "ExtraOutputFields": {
            "description": "Lunch Box",
            "nodelevel": 2,
            "displayorder": 128,
            "parentnodeid": "1_D5A2236"
          },
          "Min": null,
          "Max": null,
          "Applied": false,
          "Count": 34,
          "Statement": null,
          "DisplayCoachMarks": false
        },
        {
          "Name": "1_AFC0BE7",
          "Term": "1_AFC0BE7",
          "ExtraOutputFields": {
            "description": "Sliced & Shaved Meat",
            "nodelevel": 3,
            "displayorder": 502,
            "parentnodeid": "1_8C87450"
          },
          "Min": null,
          "Max": null,
          "Applied": false,
          "Count": 34,
          "Statement": null,
          "DisplayCoachMarks": false
        },
        {
          "Name": "1_0856540",
          "Term": "1_0856540",
          "ExtraOutputFields": {
            "description": "Poultry",
            "nodelevel": 3,
            "displayorder": 415,
            "parentnodeid": "1_7A9E1A9"
          },
          "Min": null,
          "Max": null,
          "Applied": false,
          "Count": 33,
          "Statement": null,
          "DisplayCoachMarks": false
        },
        {
          "Name": "1_8DDE751",
          "Term": "1_8DDE751",
          "ExtraOutputFields": {
            "description": "Continental & Cured Meat",
            "nodelevel": 3,
            "displayorder": 728,
            "parentnodeid": "1_D673574"
          },
          "Min": null,
          "Max": null,
          "Applied": false,
          "Count": 33,
          "Statement": null,
          "DisplayCoachMarks": false
        },
        {
          "Name": "1_0DAD080",
          "Term": "1_0DAD080",
          "ExtraOutputFields": {
            "description": "Fetta & Goat's Cheese",
            "nodelevel": 3,
            "displayorder": 609,
            "parentnodeid": "1_B7EF010"
          },
          "Min": null,
          "Max": null,
          "Applied": false,
          "Count": 31,
          "Statement": null,
          "DisplayCoachMarks": false
        },
        {
          "Name": "1_0842985",
          "Term": "1_0842985",
          "ExtraOutputFields": {
            "description": "Salads",
            "nodelevel": 3,
            "displayorder": 158,
            "parentnodeid": "1_0349B31"
          },
          "Min": null,
          "Max": null,
          "Applied": false,
          "Count": 30,
          "Statement": null,
          "DisplayCoachMarks": false
        },
        {
          "Name": "1_220E24F",
          "Term": "1_220E24F",
          "ExtraOutputFields": {
            "description": "Lamb",
            "nodelevel": 3,
            "displayorder": 692,
            "parentnodeid": "1_CED9B86"
          },
          "Min": null,
          "Max": null,
          "Applied": false,
          "Count": 29,
          "Statement": null,
          "DisplayCoachMarks": false
        },
        {
          "Name": "1_787944C",
          "Term": "1_787944C",
          "ExtraOutputFields": {
            "description": "Packaged Salads & Sides",
            "nodelevel": 3,
            "displayorder": 369,
            "parentnodeid": "1_626AB17"
          },
          "Min": null,
          "Max": null,
          "Applied": false,
          "Count": 24,
          "Statement": null,
          "DisplayCoachMarks": false
        },
        {
          "Name": "1_9CD5B58",
          "Term": "1_9CD5B58",
          "ExtraOutputFields": {
            "description": "Sausages & Frankfurts",
            "nodelevel": 3,
            "displayorder": 730,
            "parentnodeid": "1_D673574"
          },
          "Min": null,
          "Max": null,
          "Applied": false,
          "Count": 24,
          "Statement": null,
          "DisplayCoachMarks": false
        },
        {
          "Name": "1_D2B0685",
          "Term": "1_D2B0685",
          "ExtraOutputFields": {
            "description": "Dips & Pate",
            "nodelevel": 2,
            "displayorder": 64,
            "parentnodeid": "1_6E4F4E4"
          },
          "Min": null,
          "Max": null,
          "Applied": false,
          "Count": 24,
          "Statement": null,
          "DisplayCoachMarks": false
        },
        {
          "Name": "1_4003688",
          "Term": "1_4003688",
          "ExtraOutputFields": {
            "description": "Parmesan & Italian Cheese",
            "nodelevel": 3,
            "displayorder": 610,
            "parentnodeid": "1_B7EF010"
          },
          "Min": null,
          "Max": null,
          "Applied": false,
          "Count": 22,
          "Statement": null,
          "DisplayCoachMarks": false
        },
        {
          "Name": "1_ACA2FC2",
          "Term": "1_ACA2FC2",
          "ExtraOutputFields": {
            "description": "Freezer",
            "nodelevel": 1,
            "displayorder": 6,
            "parentnodeid": null
          },
          "Min": null,
          "Max": null,
          "Applied": false,
          "Count": 22,
          "Statement": null,
          "DisplayCoachMarks": false
        },
        {
          "Name": "1_B0FFC5D",
          "Term": "1_B0FFC5D",
          "ExtraOutputFields": {
            "description": "Frozen Seafood",
            "nodelevel": 2,
            "displayorder": 102,
            "parentnodeid": "1_ACA2FC2"
          },
          "Min": null,
          "Max": null,
          "Applied": false,
          "Count": 22,
          "Statement": null,
          "DisplayCoachMarks": false
        },
        {
          "Name": "1_78FBFC0",
          "Term": "1_78FBFC0",
          "ExtraOutputFields": {
            "description": "Dips",
            "nodelevel": 3,
            "displayorder": 711,
            "parentnodeid": "1_D2B0685"
          },
          "Min": null,
          "Max": null,
          "Applied": false,
          "Count": 20,
          "Statement": null,
          "DisplayCoachMarks": false
        },
        {
          "Name": "1_8E41DF0",
          "Term": "1_8E41DF0",
          "ExtraOutputFields": {
            "description": "Antipasto",
            "nodelevel": 3,
            "displayorder": 157,
            "parentnodeid": "1_0349B31"
          },
          "Min": null,
          "Max": null,
          "Applied": false,
          "Count": 20,
          "Statement": null,
          "DisplayCoachMarks": false
        },
        {
          "Name": "1_BEC520F",
          "Term": "1_BEC520F",
          "ExtraOutputFields": {
            "description": "Fish",
            "nodelevel": 3,
            "displayorder": 414,
            "parentnodeid": "1_7A9E1A9"
          },
          "Min": null,
          "Max": null,
          "Applied": false,
          "Count": 20,
          "Statement": null,
          "DisplayCoachMarks": false
        },
        {
          "Name": "1_14483DC",
          "Term": "1_14483DC",
          "ExtraOutputFields": {
            "description": "Prawns, Oysters & Shellfish",
            "nodelevel": 3,
            "displayorder": 413,
            "parentnodeid": "1_7A9E1A9"
          },
          "Min": null,
          "Max": null,
          "Applied": false,
          "Count": 19,
          "Statement": null,
          "DisplayCoachMarks": false
        },
        {
          "Name": "1_409274A",
          "Term": "1_409274A",
          "ExtraOutputFields": {
            "description": "Poultry",
            "nodelevel": 3,
            "displayorder": 731,
            "parentnodeid": "1_D673574"
          },
          "Min": null,
          "Max": null,
          "Applied": false,
          "Count": 19,
          "Statement": null,
          "DisplayCoachMarks": false
        },
        {
          "Name": "1_6B75CAD",
          "Term": "1_6B75CAD",
          "ExtraOutputFields": {
            "description": "Oven Ready Meat",
            "nodelevel": 3,
            "displayorder": 702,
            "parentnodeid": "1_CED9B86"
          },
          "Min": null,
          "Max": null,
          "Applied": false,
          "Count": 19,
          "Statement": null,
          "DisplayCoachMarks": false
        },
        {
          "Name": "1_4DEA9E0",
          "Term": "1_4DEA9E0",
          "ExtraOutputFields": {
            "description": "Antipasto",
            "nodelevel": 3,
            "displayorder": 740,
            "parentnodeid": "1_DCDA127"
          },
          "Min": null,
          "Max": null,
          "Applied": false,
          "Count": 18,
          "Statement": null,
          "DisplayCoachMarks": false
        },
        {
          "Name": "1_E2206C6",
          "Term": "1_E2206C6",
          "ExtraOutputFields": {
            "description": "Fish",
            "nodelevel": 3,
            "displayorder": 715,
            "parentnodeid": "1_D610306"
          },
          "Min": null,
          "Max": null,
          "Applied": false,
          "Count": 16,
          "Statement": null,
          "DisplayCoachMarks": false
        },
        {
          "Name": "1_DE5272F",
          "Term": "1_DE5272F",
          "ExtraOutputFields": {
            "description": "Fish Fillets",
            "nodelevel": 3,
            "displayorder": 585,
            "parentnodeid": "1_B0FFC5D"
          },
          "Min": null,
          "Max": null,
          "Applied": false,
          "Count": 15,
          "Statement": null,
          "DisplayCoachMarks": false
        },
        {
          "Name": "1_35E3CFE",
          "Term": "1_35E3CFE",
          "ExtraOutputFields": {
            "description": "Ricotta, Cottage & Cream Cheese",
            "nodelevel": 3,
            "displayorder": 611,
            "parentnodeid": "1_B7EF010"
          },
          "Min": null,
          "Max": null,
          "Applied": false,
          "Count": 14,
          "Statement": null,
          "DisplayCoachMarks": false
        },
        {
          "Name": "1_6CBCA92",
          "Term": "1_6CBCA92",
          "ExtraOutputFields": {
            "description": "Organic Meat",
            "nodelevel": 3,
            "displayorder": 699,
            "parentnodeid": "1_CED9B86"
          },
          "Min": null,
          "Max": null,
          "Applied": false,
          "Count": 14,
          "Statement": null,
          "DisplayCoachMarks": false
        },
        {
          "Name": "1_BF1BE76",
          "Term": "1_BF1BE76",
          "ExtraOutputFields": {
            "description": "Fish",
            "nodelevel": 3,
            "displayorder": 796,
            "parentnodeid": "1_F3CEF67"
          },
          "Min": null,
          "Max": null,
          "Applied": false,
          "Count": 14,
          "Statement": null,
          "DisplayCoachMarks": false
        },
        {
          "Name": "1_D8BE13D",
          "Term": "1_D8BE13D",
          "ExtraOutputFields": {
            "description": "Gluten Free Meat",
            "nodelevel": 3,
            "displayorder": 700,
            "parentnodeid": "1_CED9B86"
          },
          "Min": null,
          "Max": null,
          "Applied": false,
          "Count": 14,
          "Statement": null,
          "DisplayCoachMarks": false
        },
        {
          "Name": "1_2F5B1C9",
          "Term": "1_2F5B1C9",
          "ExtraOutputFields": {
            "description": "Chicken",
            "nodelevel": 3,
            "displayorder": 793,
            "parentnodeid": "1_F3CEF67"
          },
          "Min": null,
          "Max": null,
          "Applied": false,
          "Count": 13,
          "Statement": null,
          "DisplayCoachMarks": false
        },
        {
          "Name": "1_EEC1372",
          "Term": "1_EEC1372",
          "ExtraOutputFields": {
            "description": "Prawns",
            "nodelevel": 3,
            "displayorder": 719,
            "parentnodeid": "1_D610306"
          },
          "Min": null,
          "Max": null,
          "Applied": false,
          "Count": 13,
          "Statement": null,
          "DisplayCoachMarks": false
        },
        {
          "Name": "1_F94CC92",
          "Term": "1_F94CC92",
          "ExtraOutputFields": {
            "description": "Mince",
            "nodelevel": 3,
            "displayorder": 701,
            "parentnodeid": "1_CED9B86"
          },
          "Min": null,
          "Max": null,
          "Applied": false,
          "Count": 13,
          "Statement": null,
          "DisplayCoachMarks": false
        },
        {
          "Name": "1_B62462E",
          "Term": "1_B62462E",
          "ExtraOutputFields": {
            "description": "Turkey",
            "nodelevel": 3,
            "displayorder": 694,
            "parentnodeid": "1_CED9B86"
          },
          "Min": null,
          "Max": null,
          "Applied": false,
          "Count": 12,
          "Statement": null,
          "DisplayCoachMarks": false
        },
        {
          "Name": "1_A4E3313",
          "Term": "1_A4E3313",
          "ExtraOutputFields": {
            "description": "Chilled Ready Meals",
            "nodelevel": 3,
            "displayorder": 367,
            "parentnodeid": "1_626AB17"
          },
          "Min": null,
          "Max": null,
          "Applied": false,
          "Count": 10,
          "Statement": null,
          "DisplayCoachMarks": false
        },
        {
          "Name": "1_D414250",
          "Term": "1_D414250",
          "ExtraOutputFields": {
            "description": "Platters",
            "nodelevel": 3,
            "displayorder": 160,
            "parentnodeid": "1_0349B31"
          },
          "Min": null,
          "Max": null,
          "Applied": false,
          "Count": 9,
          "Statement": null,
          "DisplayCoachMarks": false
        },
        {
          "Name": "1_9614CA5",
          "Term": "1_9614CA5",
          "ExtraOutputFields": {
            "description": "Fresh Seafood",
            "nodelevel": 3,
            "displayorder": 724,
            "parentnodeid": "1_D610306"
          },
          "Min": null,
          "Max": null,
          "Applied": false,
          "Count": 8,
          "Statement": null,
          "DisplayCoachMarks": false
        },
        {
          "Name": "1_C0954C1",
          "Term": "1_C0954C1",
          "ExtraOutputFields": {
            "description": "Entertaining Platters",
            "nodelevel": 3,
            "displayorder": 733,
            "parentnodeid": "1_DCDA127"
          },
          "Min": null,
          "Max": null,
          "Applied": false,
          "Count": 8,
          "Statement": null,
          "DisplayCoachMarks": false
        },
        {
          "Name": "1_F3B8F1F",
          "Term": "1_F3B8F1F",
          "ExtraOutputFields": {
            "description": "Mussels & Scallops",
            "nodelevel": 3,
            "displayorder": 718,
            "parentnodeid": "1_D610306"
          },
          "Min": null,
          "Max": null,
          "Applied": false,
          "Count": 8,
          "Statement": null,
          "DisplayCoachMarks": false
        },
        {
          "Name": "1_F01FE04",
          "Term": "1_F01FE04",
          "ExtraOutputFields": {
            "description": "Frozen Seafood",
            "nodelevel": 3,
            "displayorder": 586,
            "parentnodeid": "1_B0FFC5D"
          },
          "Min": null,
          "Max": null,
          "Applied": false,
          "Count": 7,
          "Statement": null,
          "DisplayCoachMarks": false
        },
        {
          "Name": "1-E5BEE36E",
          "Term": "1-E5BEE36E",
          "ExtraOutputFields": {
            "description": "Fruit & Veg",
            "nodelevel": 1,
            "displayorder": 1,
            "parentnodeid": null
          },
          "Min": null,
          "Max": null,
          "Applied": false,
          "Count": 6,
          "Statement": null,
          "DisplayCoachMarks": false
        },
        {
          "Name": "1_2684504",
          "Term": "1_2684504",
          "ExtraOutputFields": {
            "description": "Salad",
            "nodelevel": 2,
            "displayorder": 17,
            "parentnodeid": "1-E5BEE36E"
          },
          "Min": null,
          "Max": null,
          "Applied": false,
          "Count": 6,
          "Statement": null,
          "DisplayCoachMarks": false
        },
        {
          "Name": "1_357ECEB",
          "Term": "1_357ECEB",
          "ExtraOutputFields": {
            "description": "Lamb",
            "nodelevel": 3,
            "displayorder": 792,
            "parentnodeid": "1_F3CEF67"
          },
          "Min": null,
          "Max": null,
          "Applied": false,
          "Count": 6,
          "Statement": null,
          "DisplayCoachMarks": false
        },
        {
          "Name": "1_A37320F",
          "Term": "1_A37320F",
          "ExtraOutputFields": {
            "description": "Prepared Salads",
            "nodelevel": 3,
            "displayorder": 271,
            "parentnodeid": "1_2684504"
          },
          "Min": null,
          "Max": null,
          "Applied": false,
          "Count": 6,
          "Statement": null,
          "DisplayCoachMarks": false
        },
        {
          "Name": "1_4A6AF38",
          "Term": "1_4A6AF38",
          "ExtraOutputFields": {
            "description": "Duck & Other Poultry",
            "nodelevel": 3,
            "displayorder": 695,
            "parentnodeid": "1_CED9B86"
          },
          "Min": null,
          "Max": null,
          "Applied": false,
          "Count": 5,
          "Statement": null,
          "DisplayCoachMarks": false
        },
        {
          "Name": "1_63A88DB",
          "Term": "1_63A88DB",
          "ExtraOutputFields": {
            "description": "Game",
            "nodelevel": 3,
            "displayorder": 696,
            "parentnodeid": "1_CED9B86"
          },
          "Min": null,
          "Max": null,
          "Applied": false,
          "Count": 5,
          "Statement": null,
          "DisplayCoachMarks": false
        },
        {
          "Name": "1_0301D56",
          "Term": "1_0301D56",
          "ExtraOutputFields": {
            "description": "Prawns",
            "nodelevel": 3,
            "displayorder": 797,
            "parentnodeid": "1_F3CEF67"
          },
          "Min": null,
          "Max": null,
          "Applied": false,
          "Count": 4,
          "Statement": null,
          "DisplayCoachMarks": false
        },
        {
          "Name": "1_03B6BA8",
          "Term": "1_03B6BA8",
          "ExtraOutputFields": {
            "description": "Smoked Salmon & Seafood",
            "nodelevel": 3,
            "displayorder": 732,
            "parentnodeid": "1_D673574"
          },
          "Min": null,
          "Max": null,
          "Applied": false,
          "Count": 4,
          "Statement": null,
          "DisplayCoachMarks": false
        },
        {
          "Name": "1_8BF8706",
          "Term": "1_8BF8706",
          "ExtraOutputFields": {
            "description": "Pate, Paste &  Caviar",
            "nodelevel": 3,
            "displayorder": 712,
            "parentnodeid": "1_D2B0685"
          },
          "Min": null,
          "Max": null,
          "Applied": false,
          "Count": 4,
          "Statement": null,
          "DisplayCoachMarks": false
        },
        {
          "Name": "1_0418352",
          "Term": "1_0418352",
          "ExtraOutputFields": {
            "description": "Canned Salmon & Seafood",
            "nodelevel": 3,
            "displayorder": 248,
            "parentnodeid": "1_23C59D3"
          },
          "Min": null,
          "Max": null,
          "Applied": false,
          "Count": 3,
          "Statement": null,
          "DisplayCoachMarks": false
        },
        {
          "Name": "1_23C59D3",
          "Term": "1_23C59D3",
          "ExtraOutputFields": {
            "description": "Canned Food & Instant Meals",
            "nodelevel": 2,
            "displayorder": 41,
            "parentnodeid": "1_39FD49C"
          },
          "Min": null,
          "Max": null,
          "Applied": false,
          "Count": 3,
          "Statement": null,
          "DisplayCoachMarks": false
        },
        {
          "Name": "1_39FD49C",
          "Term": "1_39FD49C",
          "ExtraOutputFields": {
            "description": "Pantry",
            "nodelevel": 1,
            "displayorder": 5,
            "parentnodeid": null
          },
          "Min": null,
          "Max": null,
          "Applied": false,
          "Count": 3,
          "Statement": null,
          "DisplayCoachMarks": false
        },
        {
          "Name": "1_96C6180",
          "Term": "1_96C6180",
          "ExtraOutputFields": {
            "description": "Grated Cheese",
            "nodelevel": 3,
            "displayorder": 604,
            "parentnodeid": "1_B7EF010"
          },
          "Min": null,
          "Max": null,
          "Applied": false,
          "Count": 3,
          "Statement": null,
          "DisplayCoachMarks": false
        },
        {
          "Name": "1_0234274",
          "Term": "1_0234274",
          "ExtraOutputFields": {
            "description": "Block Cheese",
            "nodelevel": 3,
            "displayorder": 602,
            "parentnodeid": "1_B7EF010"
          },
          "Min": null,
          "Max": null,
          "Applied": false,
          "Count": 2,
          "Statement": null,
          "DisplayCoachMarks": false
        },
        {
          "Name": "1_21CAC81",
          "Term": "1_21CAC81",
          "ExtraOutputFields": {
            "description": "Squid & Octopus",
            "nodelevel": 3,
            "displayorder": 721,
            "parentnodeid": "1_D610306"
          },
          "Min": null,
          "Max": null,
          "Applied": false,
          "Count": 2,
          "Statement": null,
          "DisplayCoachMarks": false
        },
        {
          "Name": "1_5BCCB00",
          "Term": "1_5BCCB00",
          "ExtraOutputFields": {
            "description": "Crab & Lobster",
            "nodelevel": 3,
            "displayorder": 716,
            "parentnodeid": "1_D610306"
          },
          "Min": null,
          "Max": null,
          "Applied": false,
          "Count": 2,
          "Statement": null,
          "DisplayCoachMarks": false
        },
        {
          "Name": "1_C63ADA3",
          "Term": "1_C63ADA3",
          "ExtraOutputFields": {
            "description": "Mixed Marinara",
            "nodelevel": 3,
            "displayorder": 720,
            "parentnodeid": "1_D610306"
          },
          "Min": null,
          "Max": null,
          "Applied": false,
          "Count": 2,
          "Statement": null,
          "DisplayCoachMarks": false
        },
        {
          "Name": "1_D8606A2",
          "Term": "1_D8606A2",
          "ExtraOutputFields": {
            "description": "Oysters",
            "nodelevel": 3,
            "displayorder": 717,
            "parentnodeid": "1_D610306"
          },
          "Min": null,
          "Max": null,
          "Applied": false,
          "Count": 2,
          "Statement": null,
          "DisplayCoachMarks": false
        },
        {
          "Name": "1_2138FEE",
          "Term": "1_2138FEE",
          "ExtraOutputFields": {
            "description": "Cured & Smoked",
            "nodelevel": 3,
            "displayorder": 729,
            "parentnodeid": "1_D673574"
          },
          "Min": null,
          "Max": null,
          "Applied": false,
          "Count": 1,
          "Statement": null,
          "DisplayCoachMarks": false
        },
        {
          "Name": "1_33811EB",
          "Term": "1_33811EB",
          "ExtraOutputFields": {
            "description": "Fresh Pasta & Noodles",
            "nodelevel": 3,
            "displayorder": 713,
            "parentnodeid": "1_D3D428B"
          },
          "Min": null,
          "Max": null,
          "Applied": false,
          "Count": 1,
          "Statement": null,
          "DisplayCoachMarks": false
        },
        {
          "Name": "1_62B7AA0",
          "Term": "1_62B7AA0",
          "ExtraOutputFields": {
            "description": "Packaged Bread & Bakery",
            "nodelevel": 2,
            "displayorder": 130,
            "parentnodeid": "1_DEB537E"
          },
          "Min": null,
          "Max": null,
          "Applied": false,
          "Count": 1,
          "Statement": null,
          "DisplayCoachMarks": false
        },
        {
          "Name": "1_7C1B44C",
          "Term": "1_7C1B44C",
          "ExtraOutputFields": {
            "description": "Pies & Quiches",
            "nodelevel": 3,
            "displayorder": 383,
            "parentnodeid": "1_62B7AA0"
          },
          "Min": null,
          "Max": null,
          "Applied": false,
          "Count": 1,
          "Statement": null,
          "DisplayCoachMarks": false
        },
        {
          "Name": "1_D3D428B",
          "Term": "1_D3D428B",
          "ExtraOutputFields": {
            "description": "Fresh Pasta & Sauces",
            "nodelevel": 2,
            "displayorder": 67,
            "parentnodeid": "1_6E4F4E4"
          },
          "Min": null,
          "Max": null,
          "Applied": false,
          "Count": 1,
          "Statement": null,
          "DisplayCoachMarks": false
        },
        {
          "Name": "1_DEB537E",
          "Term": "1_DEB537E",
          "ExtraOutputFields": {
            "description": "Bakery",
            "nodelevel": 1,
            "displayorder": 3,
            "parentnodeid": null
          },
          "Min": null,
          "Max": null,
          "Applied": false,
          "Count": 1,
          "Statement": null,
          "DisplayCoachMarks": false
        }
      ],
      "ResultsGrouped": null,
      "State": "Closed",
      "Rank": 1,
      "AdditionalResults": false,
      "DesignType": "Default",
      "ShowFilter": false,
      "Statement": null,
      "DisplayCoachMarks": false
    }
  ],
  "HasRewardsCard": true,
  "HasTobaccoItems": false,
  "Success": true
}