{
  "SeoMetaTags": {
    "Title": "Dairy, Eggs & Fridge",
    "MetaDescription": "Shop online at Woolworths for your groceries. We’re here to help you eat fresher & healthier food, 7 days a week with low prices always.",
    "Groups": []
  },
  "Bundles": [
    {
      "Products": [
        {
          "TileID": 0,
          "Stockcode": 32063,
          "Barcode": "9319634000098",
          "GtinFormat": 13,
          "CupPrice": 2.25,
          "InstoreCupPrice": 2.25,
          "CupMeasure": "1L",
          "CupString": "$2.25 / 1L",
          "InstoreCupString": "$2.25 / 1L",
          "HasCupPrice": true,
          "InstoreHasCupPrice": true,
          "Price": 2.25,
          "InstorePrice": 2.25,
          "Name": "Liddells Full Cream Long Life Milk Lactose Free",
          "UrlFriendlyName": "liddells-full-cream-long-life-milk-lactose-free",
          "Description": " Liddells Full Cream Long<br>Life Milk Lactose... 1L",
          "SmallImageFile": "https://cdn0.woolworths.media/content/wowproductimages/small/032063.jpg",
          "MediumImageFile": "https://cdn0.woolworths.media/content/wowproductimages/medium/032063.jpg",
          "LargeImageFile": "https://cdn0.woolworths.media/content/wowproductimages/large/032063.jpg",
          "IsNew": false,
          "IsOnSpecial": false,
          "InstoreIsOnSpecial": false,
          "IsEdrSpecial": false,
          "SavingsAmount": 0,
          "InstoreSavingsAmount": 0,
          "WasPrice": 2.25,
          "InstoreWasPrice": 2.25,
          "QuantityInTrolley": 0,
          "Unit": "Each",
          "MinimumQuantity": 1,
          "HasBeenBoughtBefore": false,
          "IsInTrolley": false,
          "Source": "Aisle.DairyEggsFridge",
          "SupplyLimit": 36,
          "IsRanged": false,
          "IsInStock": true,
          "PackageSize": "1L",
          "IsPmDelivery": false,
          "IsForCollection": true,
          "IsForDelivery": true,
          "IsForExpress": false,
          "ProductRestrictionMessage": null,
          "ProductWarningMessage": null,
          "CentreTag": {
            "TagContent": null,
            "TagLink": null,
            "FallbackText": null,
            "TagType": "None",
            "MultibuyData": null
          },
          "IsCentreTag": false,
          "ImageTag": {
            "TagContent": null,
            "TagLink": null,
            "FallbackText": "",
            "TagType": "None",
            "MultibuyData": null
          },
          "HeaderTag": {
            "BackgroundColor": "#c20016",
            "BorderColor": "#c20016",
            "TextColor": "#fff",
            "Content": "Low price <span class=\"u-semibold\">always</span>",
            "TagLink": null,
            "Promotion": "LowPrice"
          },
          "HasHeaderTag": true,
          "UnitWeightInGrams": 1072,
          "SupplyLimitMessage": "'Liddells Full Cream Long Life Milk Lactose Free' has a supply limit of 36. The quantity in your cart has been reduced accordingly. To purchase a larger quantity, please contact us on 1800 000 610. Please note we do not supply trade orders.",
          "SmallFormatDescription": "Liddells Full Cream Long Life Milk Lactose Free",
          "FullDescription": "Liddells Full Cream Long Life Milk Lactose Free",
          "IsAvailable": true,
          "InstoreIsAvailable": true,
          "IsPurchasable": true,
          "InstoreIsPurchasable": true,
          "AgeRestricted": false,
          "DisplayQuantity": 1,
          "RichDescription": "<p>If you love dairy, but your digestive system doesn't, Liddells lactose free is for you. Because it's made with real milk, you get all the goodness and great taste you want, without the lactose.</p><p>- Naturally gluten free</p><p>- High in calcium for strong bones</p><p>- Delicious dairy goodness</p><p>- no preservatives</p>",
          "IsDeliveryPass": false,
          "HideWasSavedPrice": false,
          "SapCategories": null,
          "Brand": "Liddells",
          "IsRestrictedByDeliveryMethod": false,
          "FooterTag": {
            "TagContent": "<div class=\"productTag-lowerpricealways\" style=\"\r\nheight:46px;\r\nposition:absolute;\r\ntop:-2px;\r\nleft:0;\r\nwidth:100%;\r\nbackground:#c20016;\r\ntext-align:center;\r\n\">\r\n<img src=\"https://wowpmediaaae.azureedge.net/content/content/lpa_footer_img2.png\" width=\"166px\" height=\"13px\" alt=\"Lower Price Always\" style=\"display:inline-block; margin-top:15px;\">\r\n</div>\r\n<style>\r\n.cardViewCompact wow-shelf-product:not(.override-global-size) .card:not(.is-smallFormat).shelfProductStamp .productTag-lowerpricealways img{\r\n                max-width: 90%;\r\n}\r\n</style>",
            "TagLink": null,
            "FallbackText": null,
            "TagType": "Html",
            "MultibuyData": null
          },
          "IsFooterEnabled": true,
          "Diagnostics": "1632",
          "IsBundle": false,
          "IsInFamily": false,
          "ChildProducts": [],
          "UrlOverride": null,
          "AdditionalAttributes": {
            "sapdepartmentname": "GROCERIES",
            "sapdepartmentno": "5",
            "sapcategoryname": "BEVERAGES",
            "sapcategoryno": "57",
            "sapsubcategoryname": "LONGLIFE MILK & SOY DRINKS",
            "sapsubcategoryno": "3",
            "sapsegmentname": "LONG LIFE MILK - LACTOSE FREE",
            "sapsegmentno": "10",
            "specialsgroupid": null,
            "PiesProductDepartmentNodeId": "1_5AF3A0A",
            "PiesProductDepartmentsjson": "[{\"Id\":\"1_5AF3A0A\",\"Description\":\"Drinks\"},{\"Id\":\"1_6E4F4E4\",\"Description\":\"Dairy, Eggs & Fridge\"}]",
            "piesdepartmentnamesjson": "[\"Drinks\",\"Dairy, Eggs & Fridge\"]",
            "piescategorynamesjson": "[\"Milk\",\"Long Life Milk\"]",
            "piessubcategorynamesjson": "[\"Lactose Free Milk\",\"Soy & Speciality Milk\",\"Long Life Milk\",\"Lactose Free Milk\"]",
            "servingsize-total-nip": null,
            "servingsperpack-total-nip": null,
            "microwaveable": "False",
            "ovencook": "False",
            "vegetarian": "False",
            "freezable": "False",
            "containsnuts": "False",
            "containsgluten": "False",
            "description": "<p>If you love dairy, but your digestive system doesn't, Liddells lactose free is for you. Because it's made with real milk, you get all the goodness and great taste you want, without the lactose.</p><p>- Naturally gluten free</p><p>- High in calcium for strong bones</p><p>- Delicious dairy goodness</p><p>- no preservatives</p>",
            "ingredients": "Full Cream Milk, Enzyme (Lactase).",
            "nutritionalinformation": "{\"Name\":\"Nutritional Information\",\"Attributes\":[{\"Id\":705,\"Name\":\"Carbohydrate Quantity Per 100g - Total - NIP\",\"Value\":\"4.8g\",\"Description\":\"Carbohydrate Quantity Per 100g - Total - NIP\",\"SortOrder\":83},{\"Id\":706,\"Name\":\"Carbohydrate Quantity Per Serve - Total - NIP\",\"Value\":\"12.0g\",\"Description\":\"Carbohydrate Quantity Per Serve - Total - NIP\",\"SortOrder\":87},{\"Id\":759,\"Name\":\"Energy kJ Quantity Per 100g - Total - NIP\",\"Value\":\"269kJ\",\"Description\":\"Energy kJ Quantity Per 100g - Total - NIP\",\"SortOrder\":239},{\"Id\":760,\"Name\":\"Energy kJ Quantity Per Serve - Total - NIP\",\"Value\":\"673kJ\",\"Description\":\"Energy kJ Quantity Per Serve - Total - NIP\",\"SortOrder\":243},{\"Id\":253,\"Name\":\"Fat Saturated Quantity Per 100g - Total - NIP\",\"Value\":\"2.3g\",\"Description\":\"Fat Saturated Quantity Per 100g - Total - NIP\",\"SortOrder\":251},{\"Id\":258,\"Name\":\"Fat Saturated Quantity Per Serve - Total - NIP\",\"Value\":\"5.8g\",\"Description\":\"Fat Saturated Quantity Per Serve - Total - NIP\",\"SortOrder\":255},{\"Id\":764,\"Name\":\"Fat Total Quantity Per 100g - Total - NIP\",\"Value\":\"3.6g\",\"Description\":\"Fat Total Quantity Per 100g - Total - NIP\",\"SortOrder\":263},{\"Id\":264,\"Name\":\"Fat Total Quantity Per Serve - Total - NIP\",\"Value\":\"9.0g\",\"Description\":\"Fat Total Quantity Per Serve - Total - NIP\",\"SortOrder\":267},{\"Id\":878,\"Name\":\"Protein Quantity Per 100g - Total - NIP\",\"Value\":\"3.2g\",\"Description\":\"Protein Quantity Per 100g - Total - NIP\",\"SortOrder\":587},{\"Id\":882,\"Name\":\"Protein Quantity Per Serve - Total - NIP\",\"Value\":\"8.0g\",\"Description\":\"Protein Quantity Per Serve - Total - NIP\",\"SortOrder\":591},{\"Id\":477,\"Name\":\"Serving Size - Total - NIP\",\"Value\":\"250mL\",\"Description\":\"Serving Size - Total - NIP\",\"SortOrder\":607},{\"Id\":544,\"Name\":\"Servings Per Pack - Total - NIP\",\"Value\":\"4\",\"Description\":\"Servings Per Pack - Total - NIP\",\"SortOrder\":611},{\"Id\":491,\"Name\":\"Sodium Quantity Per 100g - Total - NIP\",\"Value\":\"120mg\",\"Description\":\"Sodium Quantity Per 100g - Total - NIP\",\"SortOrder\":623},{\"Id\":495,\"Name\":\"Sodium Quantity Per Serve - Total - NIP\",\"Value\":\"88mg\",\"Description\":\"Sodium Quantity Per Serve - Total - NIP\",\"SortOrder\":627},{\"Id\":907,\"Name\":\"Sugars Quantity Per 100g - Prefix - NIP\",\"Value\":\"\",\"Description\":\"Sugars Quantity Per 100g - Prefix - NIP\",\"SortOrder\":645},{\"Id\":908,\"Name\":\"Sugars Quantity Per 100g - SuffixUnits - NIP\",\"Value\":\"g\",\"Description\":\"Sugars Quantity Per 100g - SuffixUnits - NIP\",\"SortOrder\":646},{\"Id\":909,\"Name\":\"Sugars Quantity Per 100g - Total - NIP\",\"Value\":\"4.8g\",\"Description\":\"Sugars Quantity Per 100g - Total - NIP\",\"SortOrder\":647},{\"Id\":910,\"Name\":\"Sugars Quantity Per 100g - ValueWord - NIP\",\"Value\":\"4.8\",\"Description\":\"Sugars Quantity Per 100g - ValueWord - NIP\",\"SortOrder\":648},{\"Id\":504,\"Name\":\"Sugars Quantity Per Serve - Prefix - NIP\",\"Value\":\"\",\"Description\":\"Sugars Quantity Per Serve - Prefix - NIP\",\"SortOrder\":649},{\"Id\":911,\"Name\":\"Sugars Quantity Per Serve - SuffixUnits - NIP\",\"Value\":\"g\",\"Description\":\"Sugars Quantity Per Serve - SuffixUnits - NIP\",\"SortOrder\":650},{\"Id\":912,\"Name\":\"Sugars Quantity Per Serve - Total - NIP\",\"Value\":\"12.0g\",\"Description\":\"Sugars Quantity Per Serve - Total - NIP\",\"SortOrder\":651},{\"Id\":572,\"Name\":\"Sugars Quantity Per Serve - ValueWord - NIP\",\"Value\":\"12.0\",\"Description\":\"Sugars Quantity Per Serve - ValueWord - NIP\",\"SortOrder\":652}]}",
            "storageinstructions": "Store in a cool, dry place. Refrigerate after opening at 1 to 4C.",
            "usageinstructions": null,
            "brand": "liddells",
            "manufacturer": null,
            "countryoforigin": null,
            "productheightmm": null,
            "productwidthmm": null,
            "productdepthmm": null,
            "wool_productpackaging": null,
            "recyclableinformation": null,
            "importantinformation": null,
            "allergencontains": "Milk",
            "allergenmaybepresent": null,
            "allergystatement": "No Artificial Preservatives",
            "lifestyleanddietarystatement": "Source of Calcium",
            "lifestyleclaim": null,
            "wool_dietaryclaim": "Gluten Free",
            "boxedcontents": null,
            "suitablefor": null,
            "fragrance": null,
            "colour": null,
            "antioxidant": "False",
            "addedvitaminsandminerals": "False",
            "bpafree": "False",
            "sulfatefree": "False",
            "parabenfree": "False",
            "claims": null,
            "alcoholfree": null,
            "anti-dandruff": null,
            "dermatologicallyapproved": null,
            "dermatologistrecommended": null,
            "dermatologisttested": null,
            "fragrance-free": null,
            "haircolour": null,
            "hairtype": null,
            "hypo-allergenic": null,
            "non-comedogenic": null,
            "oilfree": null,
            "ophthalmologistapproved": null,
            "ophthalmologisttested": null,
            "paba-free": null,
            "skincondition": null,
            "skintype": null,
            "soap-free": null,
            "spf": null,
            "sweatresistant": null,
            "timer": null,
            "waterresistant": null,
            "phbalanced": null,
            "antiseptic": "False",
            "antibacterial": "False",
            "activeconstituents": null,
            "contains": null,
            "microwavesafe": "False",
            "productimagecount": "2",
            "friendlydisclaimer": null,
            "productimages": "32063.jpg,32063_1.jpg",
            "healthstarrating": "0",
            "tgawarnings": null,
            "vendorarticleid": null,
            "vendorcostprice": null,
            "tgawarning": null,
            "PiesProductB2bDepartmentNodeId": "14_BADBC9B",
            "PiesProductB2bDepartmentsjson": "[{\"Id\":\"14_BADBC9B\",\"Description\":\"Fridge\"},{\"Id\":\"14_7A6B58C\",\"Description\":\"Drinks\"},{\"Id\":\"14_AB10757\",\"Description\":\"Coffee & Tea\"}]",
            "piesb2bdepartmentnamesjson": "[\"Fridge\",\"Drinks\",\"Coffee & Tea\"]",
            "piesb2bcategorynamesjson": "[\"Milk\",\"Chilled Milk\",\"Chilled Milk\",\"Long Life Milk\",\"Long-life Milk\"]",
            "piesb2bsubcategorynamesjson": "[\"Soy & Speciality Milk\",\"Soy & Specialty Milk\",\"Soy & Specialty Milk\",\"Lactose Free Milk\",\"Lactose Free Milk\"]"
          },
          "DetailsImagePaths": [
            "https://cdn0.woolworths.media/content/wowproductimages/large/032063.jpg",
            "https://cdn0.woolworths.media/content/wowproductimages/large/032063_1.jpg"
          ],
          "Variety": "LACTOSE FREE",
          "Rating": null,
          "HasProductSubs": false,
          "IsSponsoredAd": false,
          "AdID": null,
          "AdIndex": null,
          "ThirdPartyProductInfo": null,
          "MarketFeatures": null,
          "MarketSpecifications": null
        }
      ],
      "Name": "Liddells Full Cream Long Life Milk Lactose Free"
    },
    {
      "Products": [
        {
          "TileID": 0,
          "Stockcode": 67594,
          "Barcode": "9310003001333",
          "GtinFormat": 13,
          "CupPrice": 0.9,
          "InstoreCupPrice": 0.9,
          "CupMeasure": "100G",
          "CupString": "$0.90 / 100G",
          "InstoreCupString": "$0.90 / 100G",
          "HasCupPrice": true,
          "InstoreHasCupPrice": true,
          "Price": 2.25,
          "InstorePrice": 2.25,
          "Name": "Flora Proactiv Cholesterol Lowering Margarine Spread Original",
          "UrlFriendlyName": "flora-proactiv-cholesterol-lowering-margarine-spread-original",
          "Description": " Flora Proactiv Cholesterol<br>Lowering Margarine... 250g",
          "SmallImageFile": "https://cdn0.woolworths.media/content/wowproductimages/small/067594.jpg",
          "MediumImageFile": "https://cdn0.woolworths.media/content/wowproductimages/medium/067594.jpg",
          "LargeImageFile": "https://cdn0.woolworths.media/content/wowproductimages/large/067594.jpg",
          "IsNew": false,
          "IsOnSpecial": true,
          "InstoreIsOnSpecial": true,
          "IsEdrSpecial": false,
          "SavingsAmount": 2.25,
          "InstoreSavingsAmount": 2.25,
          "WasPrice": 4.5,
          "InstoreWasPrice": 4.5,
          "QuantityInTrolley": 0,
          "Unit": "Each",
          "MinimumQuantity": 1,
          "HasBeenBoughtBefore": false,
          "IsInTrolley": false,
          "Source": "Aisle.DairyEggsFridge",
          "SupplyLimit": 36,
          "IsRanged": false,
          "IsInStock": true,
          "PackageSize": "250g",
          "IsPmDelivery": true,
          "IsForCollection": true,
          "IsForDelivery": true,
          "IsForExpress": false,
          "ProductRestrictionMessage": null,
          "ProductWarningMessage": null,
          "CentreTag": {
            "TagContent": null,
            "TagLink": null,
            "FallbackText": null,
            "TagType": "None",
            "MultibuyData": null
          },
          "IsCentreTag": false,
          "ImageTag": {
            "TagContent": "/content/promotiontags/roundel-half-price-200x200.png",
            "TagLink": "",
            "FallbackText": "Half Price",
            "TagType": "None",
            "MultibuyData": null
          },
          "HeaderTag": {
            "BackgroundColor": "#fd0",
            "BorderColor": "#fd0",
            "TextColor": "#000",
            "Content": "Save $2.25",
            "TagLink": null,
            "Promotion": "Special"
          },
          "HasHeaderTag": true,
          "UnitWeightInGrams": 270,
          "SupplyLimitMessage": "'Flora Proactiv Cholesterol Lowering Margarine Spread Original' has a supply limit of 36. The quantity in your cart has been reduced accordingly. To purchase a larger quantity, please contact us on 1800 000 610. Please note we do not supply trade orders.",
          "SmallFormatDescription": "Flora Proactiv Cholesterol Lowering Margarine Spread Original",
          "FullDescription": "Flora Proactiv Cholesterol Lowering Margarine Spread Original",
          "IsAvailable": true,
          "InstoreIsAvailable": true,
          "IsPurchasable": true,
          "InstoreIsPurchasable": true,
          "AgeRestricted": false,
          "DisplayQuantity": 1,
          "RichDescription": "<p>Flora ProActiv is enriched with natural plant sterols to lower cholesterol. Just 25g (1 rounded tablespoon) is needed each day to provide 2g of plant sterols to lower cholesterol in as little as three weeks as part of a healthy lifestyle. It’s virtually trans fat free and lower in saturated fat than butter</p><p>Get your 25g per day by spreading it on sandwiches just like any other margarine spread.<br/><br/>This contains 2g of plant sterols, the optimal amount per day proven to lower cholesterol.<br/>More than 3g of plant sterols per day do not provide additional benefits. If you are on cholesterol lowering medication please consult your doctor while using Flora ProActiv.</p>",
          "IsDeliveryPass": false,
          "HideWasSavedPrice": false,
          "SapCategories": null,
          "Brand": "Flora",
          "IsRestrictedByDeliveryMethod": false,
          "FooterTag": {
            "TagContent": "<div class=\"productTag-pricedropped\" style=\"\r\nheight:46px;\r\nposition:absolute;\r\ntop:-4px;\r\nleft:0;\r\nwidth:100%;\r\nbackground:white;\r\noutline: 1px solid #c20016;\r\ntext-align:center;\">\r\n\r\n<img src=\"https://cdn0.woolworths.media/content/content/pricedropped-footer-transparent.png\" width=\"204px\" height=\"16px\" alt=\"Price Dropped\" style=\"display:inline-block;margin-top:15px;max-width: 100%;\">\r\n</div>",
            "TagLink": null,
            "FallbackText": null,
            "TagType": "Html",
            "MultibuyData": null
          },
          "IsFooterEnabled": true,
          "Diagnostics": "1633",
          "IsBundle": false,
          "IsInFamily": false,
          "ChildProducts": [],
          "UrlOverride": null,
          "AdditionalAttributes": {
            "sapdepartmentname": "FRESH CONVENIENCE",
            "sapdepartmentno": "10",
            "sapcategoryname": "DAIRY - BUTTER & MARGARINE",
            "sapcategoryno": "90",
            "sapsubcategoryname": "DAIRY - BUTTER & MARGARINE",
            "sapsubcategoryno": "892",
            "sapsegmentname": "MARGARINE HEALTHY 250G & UNDER",
            "sapsegmentno": "1",
            "specialsgroupid": "3658",
            "PiesProductDepartmentNodeId": "1_6E4F4E4",
            "PiesProductDepartmentsjson": "[{\"Id\":\"1_6E4F4E4\",\"Description\":\"Dairy, Eggs & Fridge\"}]",
            "piesdepartmentnamesjson": "[\"Dairy, Eggs & Fridge\"]",
            "piescategorynamesjson": "[\"Eggs, Butter & Margarine\"]",
            "piessubcategorynamesjson": "[\"Butter & Margarine\"]",
            "servingsize-total-nip": null,
            "servingsperpack-total-nip": null,
            "microwaveable": "False",
            "ovencook": "False",
            "vegetarian": "False",
            "freezable": "False",
            "containsnuts": "False",
            "containsgluten": "False",
            "description": "<p>Flora ProActiv is enriched with natural plant sterols to lower cholesterol. Just 25g (1 rounded tablespoon) is needed each day to provide 2g of plant sterols to lower cholesterol in as little as three weeks as part of a healthy lifestyle. It’s virtually trans fat free and lower in saturated fat than butter</p><p>Get your 25g per day by spreading it on sandwiches just like any other margarine spread.<br/><br/>This contains 2g of plant sterols, the optimal amount per day proven to lower cholesterol.<br/>More than 3g of plant sterols per day do not provide additional benefits. If you are on cholesterol lowering medication please consult your doctor while using Flora ProActiv.</p>",
            "ingredients": "Vegetable Oils, Water, Phytosterol Esters (8% Plant Sterols), Salt, Milk Solids, Emulsifiers (Soy Lecithin, 471), Preservative (202), Food Acid (Lactic Acid), Natural Flavours, Vitamins (A, D), Natural Colour (ß-Carotene)",
            "nutritionalinformation": "{\"Name\":\"Nutritional Information\",\"Attributes\":[{\"Id\":705,\"Name\":\"Carbohydrate Quantity Per 100g - Total - NIP\",\"Value\":\"<1.0g\",\"Description\":\"Carbohydrate Quantity Per 100g - Total - NIP\",\"SortOrder\":83},{\"Id\":706,\"Name\":\"Carbohydrate Quantity Per Serve - Total - NIP\",\"Value\":\"<1.0g\",\"Description\":\"Carbohydrate Quantity Per Serve - Total - NIP\",\"SortOrder\":87},{\"Id\":759,\"Name\":\"Energy kJ Quantity Per 100g - Total - NIP\",\"Value\":\"2390kJ\",\"Description\":\"Energy kJ Quantity Per 100g - Total - NIP\",\"SortOrder\":239},{\"Id\":760,\"Name\":\"Energy kJ Quantity Per Serve - Total - NIP\",\"Value\":\"239kJ\",\"Description\":\"Energy kJ Quantity Per Serve - Total - NIP\",\"SortOrder\":243},{\"Id\":253,\"Name\":\"Fat Saturated Quantity Per 100g - Total - NIP\",\"Value\":\"13.5\",\"Description\":\"Fat Saturated Quantity Per 100g - Total - NIP\",\"SortOrder\":251},{\"Id\":258,\"Name\":\"Fat Saturated Quantity Per Serve - Total - NIP\",\"Value\":\"1.4g\",\"Description\":\"Fat Saturated Quantity Per Serve - Total - NIP\",\"SortOrder\":255},{\"Id\":764,\"Name\":\"Fat Total Quantity Per 100g - Total - NIP\",\"Value\":\"64.3g\",\"Description\":\"Fat Total Quantity Per 100g - Total - NIP\",\"SortOrder\":263},{\"Id\":264,\"Name\":\"Fat Total Quantity Per Serve - Total - NIP\",\"Value\":\"6.4g\",\"Description\":\"Fat Total Quantity Per Serve - Total - NIP\",\"SortOrder\":267},{\"Id\":878,\"Name\":\"Protein Quantity Per 100g - Total - NIP\",\"Value\":\"<1.0g\",\"Description\":\"Protein Quantity Per 100g - Total - NIP\",\"SortOrder\":587},{\"Id\":882,\"Name\":\"Protein Quantity Per Serve - Total - NIP\",\"Value\":\"<1.0g\",\"Description\":\"Protein Quantity Per Serve - Total - NIP\",\"SortOrder\":591},{\"Id\":477,\"Name\":\"Serving Size - Total - NIP\",\"Value\":\"10g\",\"Description\":\"Serving Size - Total - NIP\",\"SortOrder\":607},{\"Id\":544,\"Name\":\"Servings Per Pack - Total - NIP\",\"Value\":\"25\",\"Description\":\"Servings Per Pack - Total - NIP\",\"SortOrder\":611},{\"Id\":491,\"Name\":\"Sodium Quantity Per 100g - Total - NIP\",\"Value\":\"360mg\",\"Description\":\"Sodium Quantity Per 100g - Total - NIP\",\"SortOrder\":623},{\"Id\":495,\"Name\":\"Sodium Quantity Per Serve - Total - NIP\",\"Value\":\"36mg\",\"Description\":\"Sodium Quantity Per Serve - Total - NIP\",\"SortOrder\":627},{\"Id\":907,\"Name\":\"Sugars Quantity Per 100g - Prefix - NIP\",\"Value\":\"<\",\"Description\":\"Sugars Quantity Per 100g - Prefix - NIP\",\"SortOrder\":645},{\"Id\":908,\"Name\":\"Sugars Quantity Per 100g - SuffixUnits - NIP\",\"Value\":\"g\",\"Description\":\"Sugars Quantity Per 100g - SuffixUnits - NIP\",\"SortOrder\":646},{\"Id\":909,\"Name\":\"Sugars Quantity Per 100g - Total - NIP\",\"Value\":\"<1.0g\",\"Description\":\"Sugars Quantity Per 100g - Total - NIP\",\"SortOrder\":647},{\"Id\":910,\"Name\":\"Sugars Quantity Per 100g - ValueWord - NIP\",\"Value\":\"1.0\",\"Description\":\"Sugars Quantity Per 100g - ValueWord - NIP\",\"SortOrder\":648},{\"Id\":504,\"Name\":\"Sugars Quantity Per Serve - Prefix - NIP\",\"Value\":\"<\",\"Description\":\"Sugars Quantity Per Serve - Prefix - NIP\",\"SortOrder\":649},{\"Id\":911,\"Name\":\"Sugars Quantity Per Serve - SuffixUnits - NIP\",\"Value\":\"g\",\"Description\":\"Sugars Quantity Per Serve - SuffixUnits - NIP\",\"SortOrder\":650},{\"Id\":912,\"Name\":\"Sugars Quantity Per Serve - Total - NIP\",\"Value\":\"<1.0g\",\"Description\":\"Sugars Quantity Per Serve - Total - NIP\",\"SortOrder\":651},{\"Id\":572,\"Name\":\"Sugars Quantity Per Serve - ValueWord - NIP\",\"Value\":\"1.0\",\"Description\":\"Sugars Quantity Per Serve - ValueWord - NIP\",\"SortOrder\":652}]}",
            "storageinstructions": "Keep refrigerated.",
            "usageinstructions": null,
            "brand": "flora",
            "manufacturer": null,
            "countryoforigin": null,
            "productheightmm": null,
            "productwidthmm": null,
            "productdepthmm": null,
            "wool_productpackaging": null,
            "recyclableinformation": null,
            "importantinformation": null,
            "allergencontains": "Milk, Soy",
            "allergenmaybepresent": null,
            "allergystatement": "No Artificial Colours or Flavours",
            "lifestyleanddietarystatement": "Gluten Free",
            "lifestyleclaim": null,
            "wool_dietaryclaim": "Free from artificial colour. Free from artificial flavour",
            "boxedcontents": null,
            "suitablefor": null,
            "fragrance": null,
            "colour": null,
            "antioxidant": "False",
            "addedvitaminsandminerals": "False",
            "bpafree": "False",
            "sulfatefree": "False",
            "parabenfree": "False",
            "claims": null,
            "alcoholfree": null,
            "anti-dandruff": null,
            "dermatologicallyapproved": null,
            "dermatologistrecommended": null,
            "dermatologisttested": null,
            "fragrance-free": null,
            "haircolour": null,
            "hairtype": null,
            "hypo-allergenic": null,
            "non-comedogenic": null,
            "oilfree": null,
            "ophthalmologistapproved": null,
            "ophthalmologisttested": null,
            "paba-free": null,
            "skincondition": null,
            "skintype": null,
            "soap-free": null,
            "spf": null,
            "sweatresistant": null,
            "timer": null,
            "waterresistant": null,
            "phbalanced": null,
            "antiseptic": "False",
            "antibacterial": "False",
            "activeconstituents": null,
            "contains": null,
            "microwavesafe": "False",
            "productimagecount": "4",
            "friendlydisclaimer": null,
            "productimages": "67594.jpg,67594_1.jpg,67594_2.jpg,67594_7.jpg",
            "healthstarrating": "3.5",
            "tgawarnings": null,
            "vendorarticleid": null,
            "vendorcostprice": null,
            "tgawarning": null,
            "PiesProductB2bDepartmentNodeId": "14_BADBC9B",
            "PiesProductB2bDepartmentsjson": "[{\"Id\":\"14_BADBC9B\",\"Description\":\"Fridge\"},{\"Id\":\"14_469C0EA\",\"Description\":\"Breakfast & Bakery\"}]",
            "piesb2bdepartmentnamesjson": "[\"Fridge\",\"Breakfast & Bakery\"]",
            "piesb2bcategorynamesjson": "[\"Cheese, Butter & Margarine\",\"Breakfast & Spreads\"]",
            "piesb2bsubcategorynamesjson": "[\"Butter & Margarine\",\"Butter & Margarine\"]"
          },
          "DetailsImagePaths": [
            "https://cdn0.woolworths.media/content/wowproductimages/large/067594.jpg",
            "https://cdn0.woolworths.media/content/wowproductimages/large/067594_1.jpg",
            "https://cdn0.woolworths.media/content/wowproductimages/large/067594_2.jpg",
            "https://cdn0.woolworths.media/content/wowproductimages/large/067594_7.jpg"
          ],
          "Variety": "Margarine Spread Original",
          "Rating": null,
          "HasProductSubs": false,
          "IsSponsoredAd": false,
          "AdID": null,
          "AdIndex": null,
          "ThirdPartyProductInfo": null,
          "MarketFeatures": null,
          "MarketSpecifications": null
        }
      ],
      "Name": "Flora Proactiv Cholesterol Lowering Margarine Spread Original"
    },
    {
      "Products": [
        {
          "TileID": 0,
          "Stockcode": 84585,
          "Barcode": "9310653104255",
          "GtinFormat": 13,
          "CupPrice": 1.61,
          "InstoreCupPrice": 1.61,
          "CupMeasure": "100G",
          "CupString": "$1.61 / 100G",
          "InstoreCupString": "$1.61 / 100G",
          "HasCupPrice": true,
          "InstoreHasCupPrice": true,
          "Price": 2.25,
          "InstorePrice": 2.25,
          "Name": "Chobani Greek Yoghurt Tropical",
          "UrlFriendlyName": "chobani-greek-yoghurt-tropical",
          "Description": " Chobani Greek Yoghurt<br>Tropical  140g",
          "SmallImageFile": "https://cdn0.woolworths.media/content/wowproductimages/small/084585.jpg",
          "MediumImageFile": "https://cdn0.woolworths.media/content/wowproductimages/medium/084585.jpg",
          "LargeImageFile": "https://cdn0.woolworths.media/content/wowproductimages/large/084585.jpg",
          "IsNew": false,
          "IsOnSpecial": false,
          "InstoreIsOnSpecial": false,
          "IsEdrSpecial": false,
          "SavingsAmount": 0,
          "InstoreSavingsAmount": 0,
          "WasPrice": 2.25,
          "InstoreWasPrice": 2.25,
          "QuantityInTrolley": 0,
          "Unit": "Each",
          "MinimumQuantity": 1,
          "HasBeenBoughtBefore": false,
          "IsInTrolley": false,
          "Source": "Aisle.DairyEggsFridge",
          "SupplyLimit": 36,
          "IsRanged": false,
          "IsInStock": true,
          "PackageSize": "140g",
          "IsPmDelivery": true,
          "IsForCollection": true,
          "IsForDelivery": true,
          "IsForExpress": false,
          "ProductRestrictionMessage": null,
          "ProductWarningMessage": null,
          "CentreTag": {
            "TagContent": null,
            "TagLink": null,
            "FallbackText": null,
            "TagType": "None",
            "MultibuyData": null
          },
          "IsCentreTag": false,
          "ImageTag": {
            "TagContent": null,
            "TagLink": null,
            "FallbackText": "",
            "TagType": "None",
            "MultibuyData": null
          },
          "HeaderTag": null,
          "HasHeaderTag": false,
          "UnitWeightInGrams": 150,
          "SupplyLimitMessage": "'Chobani Greek Yoghurt Tropical' has a supply limit of 36. The quantity in your cart has been reduced accordingly. To purchase a larger quantity, please contact us on 1800 000 610. Please note we do not supply trade orders.",
          "SmallFormatDescription": "Chobani Greek Yoghurt Tropical ",
          "FullDescription": "Chobani Greek Yoghurt Tropical ",
          "IsAvailable": true,
          "InstoreIsAvailable": true,
          "IsPurchasable": true,
          "InstoreIsPurchasable": true,
          "AgeRestricted": false,
          "DisplayQuantity": 1,
          "RichDescription": null,
          "IsDeliveryPass": false,
          "HideWasSavedPrice": false,
          "SapCategories": null,
          "Brand": "chobani",
          "IsRestrictedByDeliveryMethod": false,
          "FooterTag": {
            "TagContent": null,
            "TagLink": null,
            "FallbackText": null,
            "TagType": "None",
            "MultibuyData": null
          },
          "IsFooterEnabled": true,
          "Diagnostics": "1634",
          "IsBundle": false,
          "IsInFamily": false,
          "ChildProducts": [],
          "UrlOverride": null,
          "AdditionalAttributes": {
            "sapdepartmentname": "FRESH CONVENIENCE",
            "sapdepartmentno": "10",
            "sapcategoryname": "DAIRY - YOGHURT",
            "sapcategoryno": "94",
            "sapsubcategoryname": "DAIRY - YOGHURT SINGLE SERVE",
            "sapsubcategoryno": "848",
            "sapsegmentname": "EVERYDAY POUCH",
            "sapsegmentno": "8",
            "specialsgroupid": null,
            "PiesProductDepartmentNodeId": "1_6E4F4E4",
            "PiesProductDepartmentsjson": "[{\"Id\":\"1_6E4F4E4\",\"Description\":\"Dairy, Eggs & Fridge\"}]",
            "piesdepartmentnamesjson": "[\"Dairy, Eggs & Fridge\"]",
            "piescategorynamesjson": "[\"Yoghurt\"]",
            "piessubcategorynamesjson": "[\"Flavoured Yoghurt\"]",
            "servingsize-total-nip": null,
            "servingsperpack-total-nip": null,
            "microwaveable": "False",
            "ovencook": "False",
            "vegetarian": "False",
            "freezable": "False",
            "containsnuts": "False",
            "containsgluten": "False",
            "description": null,
            "ingredients": null,
            "nutritionalinformation": null,
            "storageinstructions": null,
            "usageinstructions": null,
            "brand": "chobani",
            "manufacturer": null,
            "countryoforigin": null,
            "productheightmm": null,
            "productwidthmm": null,
            "productdepthmm": null,
            "wool_productpackaging": null,
            "recyclableinformation": null,
            "importantinformation": null,
            "allergencontains": null,
            "allergenmaybepresent": null,
            "allergystatement": null,
            "lifestyleanddietarystatement": null,
            "lifestyleclaim": null,
            "wool_dietaryclaim": null,
            "boxedcontents": null,
            "suitablefor": null,
            "fragrance": null,
            "colour": null,
            "antioxidant": "False",
            "addedvitaminsandminerals": "False",
            "bpafree": "False",
            "sulfatefree": "False",
            "parabenfree": "False",
            "claims": null,
            "alcoholfree": null,
            "anti-dandruff": null,
            "dermatologicallyapproved": null,
            "dermatologistrecommended": null,
            "dermatologisttested": null,
            "fragrance-free": null,
            "haircolour": null,
            "hairtype": null,
            "hypo-allergenic": null,
            "non-comedogenic": null,
            "oilfree": null,
            "ophthalmologistapproved": null,
            "ophthalmologisttested": null,
            "paba-free": null,
            "skincondition": null,
            "skintype": null,
            "soap-free": null,
            "spf": null,
            "sweatresistant": null,
            "timer": null,
            "waterresistant": null,
            "phbalanced": null,
            "antiseptic": "False",
            "antibacterial": "False",
            "activeconstituents": null,
            "contains": null,
            "microwavesafe": "False",
            "productimagecount": "1",
            "friendlydisclaimer": null,
            "productimages": "84585.jpg",
            "healthstarrating": "0",
            "tgawarnings": null,
            "vendorarticleid": null,
            "vendorcostprice": null,
            "tgawarning": null
          },
          "DetailsImagePaths": [
            "https://cdn0.woolworths.media/content/wowproductimages/large/084585.jpg"
          ],
          "Variety": "",
          "Rating": {
            "ReviewCount": 0,
            "RatingCount": 0,
            "RatingSum": 0,
            "OneStarCount": 0,
            "TwoStarCount": 0,
            "ThreeStarCount": 0,
            "FourStarCount": 0,
            "FiveStarCount": 0,
            "Average": 0,
            "OneStarPercentage": 0,
            "TwoStarPercentage": 0,
            "ThreeStarPercentage": 0,
            "FourStarPercentage": 0,
            "FiveStarPercentage": 0
          },
          "HasProductSubs": false,
          "IsSponsoredAd": false,
          "AdID": null,
          "AdIndex": null,
          "ThirdPartyProductInfo": null,
          "MarketFeatures": null,
          "MarketSpecifications": null
        }
      ],
      "Name": "Chobani Greek Yoghurt Tropical"
    },
    {
      "Products": [
        {
          "TileID": 0,
          "Stockcode": 113025,
          "Barcode": "9310036071501",
          "GtinFormat": 13,
          "CupPrice": 2.25,
          "InstoreCupPrice": 2.25,
          "CupMeasure": "1L",
          "CupString": "$2.25 / 1L",
          "InstoreCupString": "$2.25 / 1L",
          "HasCupPrice": true,
          "InstoreHasCupPrice": true,
          "Price": 2.25,
          "InstorePrice": 2.25,
          "Name": "Pauls Zymil Skim Uht Milk",
          "UrlFriendlyName": "pauls-zymil-skim-uht-milk",
          "Description": " Pauls Zymil Skim Uht Milk  1l",
          "SmallImageFile": "https://cdn0.woolworths.media/content/wowproductimages/small/113025.jpg",
          "MediumImageFile": "https://cdn0.woolworths.media/content/wowproductimages/medium/113025.jpg",
          "LargeImageFile": "https://cdn0.woolworths.media/content/wowproductimages/large/113025.jpg",
          "IsNew": false,
          "IsOnSpecial": false,
          "InstoreIsOnSpecial": false,
          "IsEdrSpecial": false,
          "SavingsAmount": 0,
          "InstoreSavingsAmount": 0,
          "WasPrice": 2.25,
          "InstoreWasPrice": 2.25,
          "QuantityInTrolley": 0,
          "Unit": "Each",
          "MinimumQuantity": 1,
          "HasBeenBoughtBefore": false,
          "IsInTrolley": false,
          "Source": "Aisle.DairyEggsFridge",
          "SupplyLimit": 36,
          "IsRanged": false,
          "IsInStock": true,
          "PackageSize": "1l",
          "IsPmDelivery": false,
          "IsForCollection": true,
          "IsForDelivery": true,
          "IsForExpress": false,
          "ProductRestrictionMessage": null,
          "ProductWarningMessage": null,
          "CentreTag": {
            "TagContent": null,
            "TagLink": null,
            "FallbackText": null,
            "TagType": "None",
            "MultibuyData": null
          },
          "IsCentreTag": false,
          "ImageTag": {
            "TagContent": null,
            "TagLink": null,
            "FallbackText": "",
            "TagType": "None",
            "MultibuyData": null
          },
          "HeaderTag": null,
          "HasHeaderTag": false,
          "UnitWeightInGrams": 1060,
          "SupplyLimitMessage": "'Pauls Zymil Skim Uht Milk' has a supply limit of 36. The quantity in your cart has been reduced accordingly. To purchase a larger quantity, please contact us on 1800 000 610. Please note we do not supply trade orders.",
          "SmallFormatDescription": "Pauls Zymil Skim Uht Milk ",
          "FullDescription": "Pauls Zymil Skim Uht Milk ",
          "IsAvailable": true,
          "InstoreIsAvailable": true,
          "IsPurchasable": true,
          "InstoreIsPurchasable": true,
          "AgeRestricted": false,
          "DisplayQuantity": 1,
          "RichDescription": "<p>At Pauls, we love dairy. We're pretty passionate about making great tasting products packed with real dairy goodness. We put that devotion into every Pauls milk, cream, custard and yoghurt we make. <br /><br />Milk is a natural source of protein, vitamins and minerals essential for good health. Rich in calcium, Pauls Zymil is simply milk which is easy to digest (As part of a healthy and varied diet, consuming Zymil instead of regular milk helps ease digestion in those who are sensitive to lactose). Plus Pauls Zymil is lactose free and made from real milk so it has all of the natural goodness of regular milk. <br /><br />- Lactose free<br />- Easy to digest (As part of a healthy and varied diet, consuming Zymil instead of regular milk helps ease digestion in those who are sensitive to lactose).<br />- Rich in calcium.</p>",
          "IsDeliveryPass": false,
          "HideWasSavedPrice": false,
          "SapCategories": null,
          "Brand": "pauls",
          "IsRestrictedByDeliveryMethod": false,
          "FooterTag": {
            "TagContent": null,
            "TagLink": null,
            "FallbackText": null,
            "TagType": "None",
            "MultibuyData": null
          },
          "IsFooterEnabled": false,
          "Diagnostics": "1635",
          "IsBundle": false,
          "IsInFamily": false,
          "ChildProducts": [],
          "UrlOverride": null,
          "AdditionalAttributes": {
            "sapdepartmentname": "GROCERIES",
            "sapdepartmentno": "5",
            "sapcategoryname": "BEVERAGES",
            "sapcategoryno": "57",
            "sapsubcategoryname": "LONGLIFE MILK & SOY DRINKS",
            "sapsubcategoryno": "3",
            "sapsegmentname": "LONG LIFE MILK - WHITE MILK",
            "sapsegmentno": "2",
            "specialsgroupid": null,
            "PiesProductDepartmentNodeId": "1_5AF3A0A",
            "PiesProductDepartmentsjson": "[{\"Id\":\"1_5AF3A0A\",\"Description\":\"Drinks\"},{\"Id\":\"1_6E4F4E4\",\"Description\":\"Dairy, Eggs & Fridge\"}]",
            "piesdepartmentnamesjson": "[\"Drinks\",\"Dairy, Eggs & Fridge\"]",
            "piescategorynamesjson": "[\"Long Life Milk\",\"Milk\"]",
            "piessubcategorynamesjson": "[\"Long Life Milk\",\"Long Life Milk\"]",
            "servingsize-total-nip": null,
            "servingsperpack-total-nip": null,
            "microwaveable": "False",
            "ovencook": "False",
            "vegetarian": "False",
            "freezable": "False",
            "containsnuts": "False",
            "containsgluten": "False",
            "description": "<p>At Pauls, we love dairy. We're pretty passionate about making great tasting products packed with real dairy goodness. We put that devotion into every Pauls milk, cream, custard and yoghurt we make. <br /><br />Milk is a natural source of protein, vitamins and minerals essential for good health. Rich in calcium, Pauls Zymil is simply milk which is easy to digest (As part of a healthy and varied diet, consuming Zymil instead of regular milk helps ease digestion in those who are sensitive to lactose). Plus Pauls Zymil is lactose free and made from real milk so it has all of the natural goodness of regular milk. <br /><br />- Lactose free<br />- Easy to digest (As part of a healthy and varied diet, consuming Zymil instead of regular milk helps ease digestion in those who are sensitive to lactose).<br />- Rich in calcium.</p>",
            "ingredients": "Skim Milk, Enzyme (Lactase).",
            "nutritionalinformation": "{\"Name\":\"Nutritional Information\",\"Attributes\":[{\"Id\":705,\"Name\":\"Carbohydrate Quantity Per 100g - Total - NIP\",\"Value\":\"5.2g\",\"Description\":\"Carbohydrate Quantity Per 100g - Total - NIP\",\"SortOrder\":83},{\"Id\":706,\"Name\":\"Carbohydrate Quantity Per Serve - Total - NIP\",\"Value\":\"13.0g\",\"Description\":\"Carbohydrate Quantity Per Serve - Total - NIP\",\"SortOrder\":87},{\"Id\":759,\"Name\":\"Energy kJ Quantity Per 100g - Total - NIP\",\"Value\":\"153kJ\",\"Description\":\"Energy kJ Quantity Per 100g - Total - NIP\",\"SortOrder\":239},{\"Id\":760,\"Name\":\"Energy kJ Quantity Per Serve - Total - NIP\",\"Value\":\"382kJ\",\"Description\":\"Energy kJ Quantity Per Serve - Total - NIP\",\"SortOrder\":243},{\"Id\":253,\"Name\":\"Fat Saturated Quantity Per 100g - Total - NIP\",\"Value\":\"<1g\",\"Description\":\"Fat Saturated Quantity Per 100g - Total - NIP\",\"SortOrder\":251},{\"Id\":258,\"Name\":\"Fat Saturated Quantity Per Serve - Total - NIP\",\"Value\":\"<1g\",\"Description\":\"Fat Saturated Quantity Per Serve - Total - NIP\",\"SortOrder\":255},{\"Id\":764,\"Name\":\"Fat Total Quantity Per 100g - Total - NIP\",\"Value\":\"<1g\",\"Description\":\"Fat Total Quantity Per 100g - Total - NIP\",\"SortOrder\":263},{\"Id\":264,\"Name\":\"Fat Total Quantity Per Serve - Total - NIP\",\"Value\":\"<1g\",\"Description\":\"Fat Total Quantity Per Serve - Total - NIP\",\"SortOrder\":267},{\"Id\":878,\"Name\":\"Protein Quantity Per 100g - Total - NIP\",\"Value\":\"3.5g\",\"Description\":\"Protein Quantity Per 100g - Total - NIP\",\"SortOrder\":587},{\"Id\":882,\"Name\":\"Protein Quantity Per Serve - Total - NIP\",\"Value\":\"8.7g\",\"Description\":\"Protein Quantity Per Serve - Total - NIP\",\"SortOrder\":591},{\"Id\":477,\"Name\":\"Serving Size - Total - NIP\",\"Value\":\"250mL\",\"Description\":\"Serving Size - Total - NIP\",\"SortOrder\":607},{\"Id\":544,\"Name\":\"Servings Per Pack - Total - NIP\",\"Value\":\"4\",\"Description\":\"Servings Per Pack - Total - NIP\",\"SortOrder\":611},{\"Id\":491,\"Name\":\"Sodium Quantity Per 100g - Total - NIP\",\"Value\":\"45mg\",\"Description\":\"Sodium Quantity Per 100g - Total - NIP\",\"SortOrder\":623},{\"Id\":495,\"Name\":\"Sodium Quantity Per Serve - Total - NIP\",\"Value\":\"113mg\",\"Description\":\"Sodium Quantity Per Serve - Total - NIP\",\"SortOrder\":627},{\"Id\":908,\"Name\":\"Sugars Quantity Per 100g - SuffixUnits - NIP\",\"Value\":\"g\",\"Description\":\"Sugars Quantity Per 100g - SuffixUnits - NIP\",\"SortOrder\":646},{\"Id\":909,\"Name\":\"Sugars Quantity Per 100g - Total - NIP\",\"Value\":\"5.2g\",\"Description\":\"Sugars Quantity Per 100g - Total - NIP\",\"SortOrder\":647},{\"Id\":910,\"Name\":\"Sugars Quantity Per 100g - ValueWord - NIP\",\"Value\":\"5.2\",\"Description\":\"Sugars Quantity Per 100g - ValueWord - NIP\",\"SortOrder\":648},{\"Id\":911,\"Name\":\"Sugars Quantity Per Serve - SuffixUnits - NIP\",\"Value\":\"g\",\"Description\":\"Sugars Quantity Per Serve - SuffixUnits - NIP\",\"SortOrder\":650},{\"Id\":912,\"Name\":\"Sugars Quantity Per Serve - Total - NIP\",\"Value\":\"13.0g\",\"Description\":\"Sugars Quantity Per Serve - Total - NIP\",\"SortOrder\":651},{\"Id\":572,\"Name\":\"Sugars Quantity Per Serve - ValueWord - NIP\",\"Value\":\"13.0\",\"Description\":\"Sugars Quantity Per Serve - ValueWord - NIP\",\"SortOrder\":652}]}",
            "storageinstructions": "Refrigerate before opening.<br>Store at an ambient temperature less than 30ºC.<br>Store in an upright position.<br>Keep refrigerated between 1ºC and 5ºC after opening and consume within 7 days.",
            "usageinstructions": null,
            "brand": "pauls",
            "manufacturer": null,
            "countryoforigin": null,
            "productheightmm": null,
            "productwidthmm": null,
            "productdepthmm": null,
            "wool_productpackaging": null,
            "recyclableinformation": null,
            "importantinformation": null,
            "allergencontains": "Milk",
            "allergenmaybepresent": null,
            "allergystatement": "Fish Free",
            "lifestyleanddietarystatement": "Vegetarian",
            "lifestyleclaim": null,
            "wool_dietaryclaim": null,
            "boxedcontents": null,
            "suitablefor": null,
            "fragrance": null,
            "colour": null,
            "antioxidant": "False",
            "addedvitaminsandminerals": "False",
            "bpafree": "False",
            "sulfatefree": "False",
            "parabenfree": "False",
            "claims": null,
            "alcoholfree": null,
            "anti-dandruff": null,
            "dermatologicallyapproved": null,
            "dermatologistrecommended": null,
            "dermatologisttested": null,
            "fragrance-free": null,
            "haircolour": null,
            "hairtype": null,
            "hypo-allergenic": null,
            "non-comedogenic": null,
            "oilfree": null,
            "ophthalmologistapproved": null,
            "ophthalmologisttested": null,
            "paba-free": null,
            "skincondition": null,
            "skintype": null,
            "soap-free": null,
            "spf": null,
            "sweatresistant": null,
            "timer": null,
            "waterresistant": null,
            "phbalanced": null,
            "antiseptic": "False",
            "antibacterial": "False",
            "activeconstituents": null,
            "contains": null,
            "microwavesafe": "False",
            "productimagecount": "4",
            "friendlydisclaimer": null,
            "productimages": "113025.jpg,113025_1.jpg,113025_3.jpg,113025_4.jpg",
            "healthstarrating": "0",
            "tgawarnings": null,
            "vendorarticleid": null,
            "vendorcostprice": null,
            "tgawarning": null
          },
          "DetailsImagePaths": [
            "https://cdn0.woolworths.media/content/wowproductimages/large/113025.jpg",
            "https://cdn0.woolworths.media/content/wowproductimages/large/113025_1.jpg",
            "https://cdn0.woolworths.media/content/wowproductimages/large/113025_3.jpg",
            "https://cdn0.woolworths.media/content/wowproductimages/large/113025_4.jpg"
          ],
          "Variety": null,
          "Rating": {
            "ReviewCount": 0,
            "RatingCount": 0,
            "RatingSum": 0,
            "OneStarCount": 0,
            "TwoStarCount": 0,
            "ThreeStarCount": 0,
            "FourStarCount": 0,
            "FiveStarCount": 0,
            "Average": 0,
            "OneStarPercentage": 0,
            "TwoStarPercentage": 0,
            "ThreeStarPercentage": 0,
            "FourStarPercentage": 0,
            "FiveStarPercentage": 0
          },
          "HasProductSubs": false,
          "IsSponsoredAd": false,
          "AdID": null,
          "AdIndex": null,
          "ThirdPartyProductInfo": null,
          "MarketFeatures": null,
          "MarketSpecifications": null
        }
      ],
      "Name": "Pauls Zymil Skim Uht Milk"
    },
    {
      "Products": [
        {
          "TileID": 0,
          "Stockcode": 113938,
          "Barcode": "9344808001007",
          "GtinFormat": 13,
          "CupPrice": 1.32,
          "InstoreCupPrice": 1.32,
          "CupMeasure": "100G",
          "CupString": "$1.32 / 100G",
          "InstoreCupString": "$1.32 / 100G",
          "HasCupPrice": true,
          "InstoreHasCupPrice": true,
          "Price": 2.25,
          "InstorePrice": 2.25,
          "Name": "Picante Fresh Avocado With Capsicum, Chives & Lime",
          "UrlFriendlyName": "picante-fresh-avocado-with-capsicum-chives-lime",
          "Description": " Picante Fresh Avocado With<br>Capsicum, Chives &... 170g",
          "SmallImageFile": "https://cdn0.woolworths.media/content/wowproductimages/small/113938.jpg",
          "MediumImageFile": "https://cdn0.woolworths.media/content/wowproductimages/medium/113938.jpg",
          "LargeImageFile": "https://cdn0.woolworths.media/content/wowproductimages/large/113938.jpg",
          "IsNew": false,
          "IsOnSpecial": true,
          "InstoreIsOnSpecial": true,
          "IsEdrSpecial": false,
          "SavingsAmount": 2.25,
          "InstoreSavingsAmount": 2.25,
          "WasPrice": 4.5,
          "InstoreWasPrice": 4.5,
          "QuantityInTrolley": 0,
          "Unit": "Each",
          "MinimumQuantity": 1,
          "HasBeenBoughtBefore": false,
          "IsInTrolley": false,
          "Source": "Aisle.DairyEggsFridge",
          "SupplyLimit": 36,
          "IsRanged": false,
          "IsInStock": true,
          "PackageSize": "170g",
          "IsPmDelivery": false,
          "IsForCollection": true,
          "IsForDelivery": true,
          "IsForExpress": false,
          "ProductRestrictionMessage": null,
          "ProductWarningMessage": null,
          "CentreTag": {
            "TagContent": null,
            "TagLink": null,
            "FallbackText": null,
            "TagType": "None",
            "MultibuyData": null
          },
          "IsCentreTag": false,
          "ImageTag": {
            "TagContent": "/content/promotiontags/roundel-half-price-200x200.png",
            "TagLink": "",
            "FallbackText": "Half Price",
            "TagType": "None",
            "MultibuyData": null
          },
          "HeaderTag": {
            "BackgroundColor": "#fd0",
            "BorderColor": "#fd0",
            "TextColor": "#000",
            "Content": "Save $2.25",
            "TagLink": null,
            "Promotion": "Special"
          },
          "HasHeaderTag": true,
          "UnitWeightInGrams": 170,
          "SupplyLimitMessage": "'Picante Fresh Avocado With Capsicum, Chives & Lime' has a supply limit of 36. The quantity in your cart has been reduced accordingly. To purchase a larger quantity, please contact us on 1800 000 610. Please note we do not supply trade orders.",
          "SmallFormatDescription": "Picante Fresh Avocado With Capsicum, Chives & Lime",
          "FullDescription": "Picante Fresh Avocado With Capsicum, Chives & Lime",
          "IsAvailable": true,
          "InstoreIsAvailable": true,
          "IsPurchasable": true,
          "InstoreIsPurchasable": true,
          "AgeRestricted": false,
          "DisplayQuantity": 1,
          "RichDescription": null,
          "IsDeliveryPass": false,
          "HideWasSavedPrice": false,
          "SapCategories": null,
          "Brand": "Picante",
          "IsRestrictedByDeliveryMethod": false,
          "FooterTag": {
            "TagContent": null,
            "TagLink": null,
            "FallbackText": null,
            "TagType": "None",
            "MultibuyData": null
          },
          "IsFooterEnabled": false,
          "Diagnostics": "1636",
          "IsBundle": false,
          "IsInFamily": false,
          "ChildProducts": [],
          "UrlOverride": null,
          "AdditionalAttributes": {
            "sapdepartmentname": "FRESH CONVENIENCE",
            "sapdepartmentno": "10",
            "sapcategoryname": "DAIRY - ENTERTAINING",
            "sapcategoryno": "17",
            "sapsubcategoryname": "DAIRY - DIPS",
            "sapsubcategoryno": "865",
            "sapsegmentname": "PREMIUM",
            "sapsegmentno": "30",
            "specialsgroupid": "3658",
            "PiesProductDepartmentNodeId": "1_6E4F4E4",
            "PiesProductDepartmentsjson": "[{\"Id\":\"1_6E4F4E4\",\"Description\":\"Dairy, Eggs & Fridge\"}]",
            "piesdepartmentnamesjson": "[\"Dairy, Eggs & Fridge\"]",
            "piescategorynamesjson": "[\"Dips & Pate\"]",
            "piessubcategorynamesjson": "[\"Dips\"]",
            "servingsize-total-nip": null,
            "servingsperpack-total-nip": null,
            "microwaveable": "False",
            "ovencook": "False",
            "vegetarian": "False",
            "freezable": "False",
            "containsnuts": "False",
            "containsgluten": "False",
            "description": null,
            "ingredients": null,
            "nutritionalinformation": null,
            "storageinstructions": null,
            "usageinstructions": null,
            "brand": "picante",
            "manufacturer": null,
            "countryoforigin": null,
            "productheightmm": null,
            "productwidthmm": null,
            "productdepthmm": null,
            "wool_productpackaging": null,
            "recyclableinformation": null,
            "importantinformation": null,
            "allergencontains": null,
            "allergenmaybepresent": null,
            "allergystatement": null,
            "lifestyleanddietarystatement": null,
            "lifestyleclaim": null,
            "wool_dietaryclaim": null,
            "boxedcontents": null,
            "suitablefor": null,
            "fragrance": null,
            "colour": null,
            "antioxidant": "False",
            "addedvitaminsandminerals": "False",
            "bpafree": "False",
            "sulfatefree": "False",
            "parabenfree": "False",
            "claims": null,
            "alcoholfree": null,
            "anti-dandruff": null,
            "dermatologicallyapproved": null,
            "dermatologistrecommended": null,
            "dermatologisttested": null,
            "fragrance-free": null,
            "haircolour": null,
            "hairtype": null,
            "hypo-allergenic": null,
            "non-comedogenic": null,
            "oilfree": null,
            "ophthalmologistapproved": null,
            "ophthalmologisttested": null,
            "paba-free": null,
            "skincondition": null,
            "skintype": null,
            "soap-free": null,
            "spf": null,
            "sweatresistant": null,
            "timer": null,
            "waterresistant": null,
            "phbalanced": null,
            "antiseptic": "False",
            "antibacterial": "False",
            "activeconstituents": null,
            "contains": null,
            "microwavesafe": "False",
            "productimagecount": "3",
            "friendlydisclaimer": null,
            "productimages": "113938.jpg,113938_1.jpg,113938_2.jpg",
            "healthstarrating": "0",
            "tgawarnings": null,
            "vendorarticleid": null,
            "vendorcostprice": null,
            "tgawarning": null,
            "PiesProductB2bDepartmentNodeId": "14_BADBC9B",
            "PiesProductB2bDepartmentsjson": "[{\"Id\":\"14_BADBC9B\",\"Description\":\"Fridge\"},{\"Id\":\"14_C38A4F2\",\"Description\":\"Events\"}]",
            "piesb2bdepartmentnamesjson": "[\"Fridge\",\"Events\"]",
            "piesb2bcategorynamesjson": "[\"Deli, Dips & Platters\",\"Savoury & Platters\"]",
            "piesb2bsubcategorynamesjson": "[\"Dips & Pastes\",\"Dips & Pastes\"]"
          },
          "DetailsImagePaths": [
            "https://cdn0.woolworths.media/content/wowproductimages/large/113938.jpg",
            "https://cdn0.woolworths.media/content/wowproductimages/large/113938_1.jpg",
            "https://cdn0.woolworths.media/content/wowproductimages/large/113938_2.jpg"
          ],
          "Variety": "Chives & Lime",
          "Rating": null,
          "HasProductSubs": false,
          "IsSponsoredAd": false,
          "AdID": null,
          "AdIndex": null,
          "ThirdPartyProductInfo": null,
          "MarketFeatures": null,
          "MarketSpecifications": null
        }
      ],
      "Name": "Picante Fresh Avocado With Capsicum, Chives & Lime"
    },
    {
      "Products": [
        {
          "TileID": 0,
          "Stockcode": 114593,
          "Barcode": "9344808001038",
          "GtinFormat": 13,
          "CupPrice": 1.32,
          "InstoreCupPrice": 1.32,
          "CupMeasure": "100G",
          "CupString": "$1.32 / 100G",
          "InstoreCupString": "$1.32 / 100G",
          "HasCupPrice": true,
          "InstoreHasCupPrice": true,
          "Price": 2.25,
          "InstorePrice": 2.25,
          "Name": "Picante Chargrilled Peppers Smoky Chipotle & Panela Cheese",
          "UrlFriendlyName": "picante-chargrilled-peppers-smoky-chipotle-panela-cheese",
          "Description": " Picante Chargrilled Peppers<br>Smoky Chipotle &... 170g",
          "SmallImageFile": "https://cdn0.woolworths.media/content/wowproductimages/small/114593.jpg",
          "MediumImageFile": "https://cdn0.woolworths.media/content/wowproductimages/medium/114593.jpg",
          "LargeImageFile": "https://cdn0.woolworths.media/content/wowproductimages/large/114593.jpg",
          "IsNew": false,
          "IsOnSpecial": true,
          "InstoreIsOnSpecial": true,
          "IsEdrSpecial": false,
          "SavingsAmount": 2.25,
          "InstoreSavingsAmount": 2.25,
          "WasPrice": 4.5,
          "InstoreWasPrice": 4.5,
          "QuantityInTrolley": 0,
          "Unit": "Each",
          "MinimumQuantity": 1,
          "HasBeenBoughtBefore": false,
          "IsInTrolley": false,
          "Source": "Aisle.DairyEggsFridge",
          "SupplyLimit": 36,
          "IsRanged": false,
          "IsInStock": true,
          "PackageSize": "170g",
          "IsPmDelivery": false,
          "IsForCollection": true,
          "IsForDelivery": true,
          "IsForExpress": false,
          "ProductRestrictionMessage": null,
          "ProductWarningMessage": null,
          "CentreTag": {
            "TagContent": null,
            "TagLink": null,
            "FallbackText": null,
            "TagType": "None",
            "MultibuyData": null
          },
          "IsCentreTag": false,
          "ImageTag": {
            "TagContent": "/content/promotiontags/roundel-half-price-200x200.png",
            "TagLink": "",
            "FallbackText": "Half Price",
            "TagType": "None",
            "MultibuyData": null
          },
          "HeaderTag": {
            "BackgroundColor": "#fd0",
            "BorderColor": "#fd0",
            "TextColor": "#000",
            "Content": "Save $2.25",
            "TagLink": null,
            "Promotion": "Special"
          },
          "HasHeaderTag": true,
          "UnitWeightInGrams": 170,
          "SupplyLimitMessage": "'Picante Chargrilled Peppers Smoky Chipotle & Panela Cheese' has a supply limit of 36. The quantity in your cart has been reduced accordingly. To purchase a larger quantity, please contact us on 1800 000 610. Please note we do not supply trade orders.",
          "SmallFormatDescription": "Picante Chargrilled Peppers Smoky Chipotle & Panela Cheese",
          "FullDescription": "Picante Chargrilled Peppers Smoky Chipotle & Panela Cheese",
          "IsAvailable": true,
          "InstoreIsAvailable": true,
          "IsPurchasable": true,
          "InstoreIsPurchasable": true,
          "AgeRestricted": false,
          "DisplayQuantity": 1,
          "RichDescription": null,
          "IsDeliveryPass": false,
          "HideWasSavedPrice": false,
          "SapCategories": null,
          "Brand": "picante",
          "IsRestrictedByDeliveryMethod": false,
          "FooterTag": {
            "TagContent": null,
            "TagLink": null,
            "FallbackText": null,
            "TagType": "None",
            "MultibuyData": null
          },
          "IsFooterEnabled": false,
          "Diagnostics": "1637",
          "IsBundle": false,
          "IsInFamily": false,
          "ChildProducts": [],
          "UrlOverride": null,
          "AdditionalAttributes": {
            "sapdepartmentname": "FRESH CONVENIENCE",
            "sapdepartmentno": "10",
            "sapcategoryname": "DAIRY - ENTERTAINING",
            "sapcategoryno": "17",
            "sapsubcategoryname": "DAIRY - DIPS",
            "sapsubcategoryno": "865",
            "sapsegmentname": "PREMIUM",
            "sapsegmentno": "30",
            "specialsgroupid": "3658",
            "PiesProductDepartmentNodeId": "1_6E4F4E4",
            "PiesProductDepartmentsjson": "[{\"Id\":\"1_6E4F4E4\",\"Description\":\"Dairy, Eggs & Fridge\"}]",
            "piesdepartmentnamesjson": "[\"Dairy, Eggs & Fridge\"]",
            "piescategorynamesjson": "[\"Dips & Pate\"]",
            "piessubcategorynamesjson": "[\"Dips\"]",
            "servingsize-total-nip": null,
            "servingsperpack-total-nip": null,
            "microwaveable": "False",
            "ovencook": "False",
            "vegetarian": "False",
            "freezable": "False",
            "containsnuts": "False",
            "containsgluten": "False",
            "description": null,
            "ingredients": null,
            "nutritionalinformation": null,
            "storageinstructions": null,
            "usageinstructions": null,
            "brand": "picante",
            "manufacturer": null,
            "countryoforigin": null,
            "productheightmm": null,
            "productwidthmm": null,
            "productdepthmm": null,
            "wool_productpackaging": null,
            "recyclableinformation": null,
            "importantinformation": null,
            "allergencontains": null,
            "allergenmaybepresent": null,
            "allergystatement": null,
            "lifestyleanddietarystatement": null,
            "lifestyleclaim": null,
            "wool_dietaryclaim": null,
            "boxedcontents": null,
            "suitablefor": null,
            "fragrance": null,
            "colour": null,
            "antioxidant": "False",
            "addedvitaminsandminerals": "False",
            "bpafree": "False",
            "sulfatefree": "False",
            "parabenfree": "False",
            "claims": null,
            "alcoholfree": null,
            "anti-dandruff": null,
            "dermatologicallyapproved": null,
            "dermatologistrecommended": null,
            "dermatologisttested": null,
            "fragrance-free": null,
            "haircolour": null,
            "hairtype": null,
            "hypo-allergenic": null,
            "non-comedogenic": null,
            "oilfree": null,
            "ophthalmologistapproved": null,
            "ophthalmologisttested": null,
            "paba-free": null,
            "skincondition": null,
            "skintype": null,
            "soap-free": null,
            "spf": null,
            "sweatresistant": null,
            "timer": null,
            "waterresistant": null,
            "phbalanced": null,
            "antiseptic": "False",
            "antibacterial": "False",
            "activeconstituents": null,
            "contains": null,
            "microwavesafe": "False",
            "productimagecount": "3",
            "friendlydisclaimer": null,
            "productimages": "114593.jpg,114593_1.jpg,114593_2.jpg",
            "healthstarrating": "0",
            "tgawarnings": null,
            "vendorarticleid": null,
            "vendorcostprice": null,
            "tgawarning": null
          },
          "DetailsImagePaths": [
            "https://cdn0.woolworths.media/content/wowproductimages/large/114593.jpg",
            "https://cdn0.woolworths.media/content/wowproductimages/large/114593_1.jpg",
            "https://cdn0.woolworths.media/content/wowproductimages/large/114593_2.jpg"
          ],
          "Variety": "chipotle & panela cheese",
          "Rating": {
            "ReviewCount": 0,
            "RatingCount": 0,
            "RatingSum": 0,
            "OneStarCount": 0,
            "TwoStarCount": 0,
            "ThreeStarCount": 0,
            "FourStarCount": 0,
            "FiveStarCount": 0,
            "Average": 0,
            "OneStarPercentage": 0,
            "TwoStarPercentage": 0,
            "ThreeStarPercentage": 0,
            "FourStarPercentage": 0,
            "FiveStarPercentage": 0
          },
          "HasProductSubs": false,
          "IsSponsoredAd": false,
          "AdID": null,
          "AdIndex": null,
          "ThirdPartyProductInfo": null,
          "MarketFeatures": null,
          "MarketSpecifications": null
        }
      ],
      "Name": "Picante Chargrilled Peppers Smoky Chipotle & Panela Cheese"
    },
    {
      "Products": [
        {
          "TileID": 0,
          "Stockcode": 145536,
          "Barcode": "9310199014452",
          "GtinFormat": 13,
          "CupPrice": 2.25,
          "InstoreCupPrice": 2.25,
          "CupMeasure": "1L",
          "CupString": "$2.25 / 1L",
          "InstoreCupString": "$2.25 / 1L",
          "HasCupPrice": true,
          "InstoreHasCupPrice": true,
          "Price": 2.25,
          "InstorePrice": 2.25,
          "Name": "Dairy Farmers Full Cream Milk",
          "UrlFriendlyName": "dairy-farmers-full-cream-milk",
          "Description": " Dairy Farmers Full Cream<br>Milk  1L",
          "SmallImageFile": "https://cdn0.woolworths.media/content/wowproductimages/small/145536.jpg",
          "MediumImageFile": "https://cdn0.woolworths.media/content/wowproductimages/medium/145536.jpg",
          "LargeImageFile": "https://cdn0.woolworths.media/content/wowproductimages/large/145536.jpg",
          "IsNew": false,
          "IsOnSpecial": false,
          "InstoreIsOnSpecial": false,
          "IsEdrSpecial": false,
          "SavingsAmount": 0,
          "InstoreSavingsAmount": 0,
          "WasPrice": 2.25,
          "InstoreWasPrice": 2.25,
          "QuantityInTrolley": 0,
          "Unit": "Each",
          "MinimumQuantity": 1,
          "HasBeenBoughtBefore": false,
          "IsInTrolley": false,
          "Source": "Aisle.DairyEggsFridge",
          "SupplyLimit": 36,
          "IsRanged": false,
          "IsInStock": true,
          "PackageSize": "1L",
          "IsPmDelivery": true,
          "IsForCollection": true,
          "IsForDelivery": true,
          "IsForExpress": false,
          "ProductRestrictionMessage": null,
          "ProductWarningMessage": null,
          "CentreTag": {
            "TagContent": null,
            "TagLink": null,
            "FallbackText": null,
            "TagType": "None",
            "MultibuyData": null
          },
          "IsCentreTag": false,
          "ImageTag": {
            "TagContent": null,
            "TagLink": null,
            "FallbackText": "",
            "TagType": "None",
            "MultibuyData": null
          },
          "HeaderTag": null,
          "HasHeaderTag": false,
          "UnitWeightInGrams": 1080,
          "SupplyLimitMessage": "'Dairy Farmers Full Cream Milk' has a supply limit of 36. The quantity in your cart has been reduced accordingly. To purchase a larger quantity, please contact us on 1800 000 610. Please note we do not supply trade orders.",
          "SmallFormatDescription": "Dairy Farmers Full Cream Milk ",
          "FullDescription": "Dairy Farmers Full Cream Milk ",
          "IsAvailable": true,
          "InstoreIsAvailable": true,
          "IsPurchasable": true,
          "InstoreIsPurchasable": true,
          "AgeRestricted": false,
          "DisplayQuantity": 1,
          "RichDescription": "Dairy Farmers Full Cream milk is rich and creamy in taste and contains 100% Aussie milkSince 1900 our dedicated farmers have proudly shared their high quality nutritious and delicious milk.<BR><BR>Dairy Farmers Full Cream milk is rich and creamy in taste and contains 100% Aussie milk Since 1900 our dedicated farmers have proudly shared their high quality nutritious and delicious milk. • Rich in calcium • Natural source of protein • No artificial additives or preservatives Enjoy as part of a healthy and balanced diet<BR><BR>From Australian farmers<BR><BR>Rich in Calcium<BR><BR>Natural source of protein<BR><BR>High quality<BR><BR>Nutritious and delicious milk",
          "IsDeliveryPass": false,
          "HideWasSavedPrice": false,
          "SapCategories": null,
          "Brand": "Dairy Farmers",
          "IsRestrictedByDeliveryMethod": false,
          "FooterTag": {
            "TagContent": null,
            "TagLink": null,
            "FallbackText": null,
            "TagType": "None",
            "MultibuyData": null
          },
          "IsFooterEnabled": true,
          "Diagnostics": "1638",
          "IsBundle": false,
          "IsInFamily": false,
          "ChildProducts": [],
          "UrlOverride": null,
          "AdditionalAttributes": {
            "sapdepartmentname": "FRESH CONVENIENCE",
            "sapdepartmentno": "10",
            "sapcategoryname": "DAIRY - MILK",
            "sapcategoryno": "93",
            "sapsubcategoryname": "DAIRY - MILK",
            "sapsubcategoryno": "895",
            "sapsegmentname": "WHOLE 1L TO 1.4L",
            "sapsegmentno": "2",
            "specialsgroupid": null,
            "PiesProductDepartmentNodeId": "1_6E4F4E4",
            "PiesProductDepartmentsjson": "[{\"Id\":\"1_6E4F4E4\",\"Description\":\"Dairy, Eggs & Fridge\"}]",
            "piesdepartmentnamesjson": "[\"Dairy, Eggs & Fridge\"]",
            "piescategorynamesjson": "[\"Milk\"]",
            "piessubcategorynamesjson": "[\"Full Cream Milk\"]",
            "servingsize-total-nip": null,
            "servingsperpack-total-nip": null,
            "microwaveable": "False",
            "ovencook": "False",
            "vegetarian": "False",
            "freezable": "False",
            "containsnuts": "False",
            "containsgluten": "False",
            "description": "Dairy Farmers Full Cream milk is rich and creamy in taste and contains 100% Aussie milkSince 1900 our dedicated farmers have proudly shared their high quality nutritious and delicious milk.<BR><BR>Dairy Farmers Full Cream milk is rich and creamy in taste and contains 100% Aussie milk Since 1900 our dedicated farmers have proudly shared their high quality nutritious and delicious milk. • Rich in calcium • Natural source of protein • No artificial additives or preservatives Enjoy as part of a healthy and balanced diet<BR><BR>From Australian farmers<BR><BR>Rich in Calcium<BR><BR>Natural source of protein<BR><BR>High quality<BR><BR>Nutritious and delicious milk",
            "ingredients": null,
            "nutritionalinformation": "{\"Name\":\"Nutritional Information\",\"Attributes\":[{\"Id\":705,\"Name\":\"Carbohydrate Quantity Per 100g - Total - NIP\",\"Value\":null,\"Description\":\"Carbohydrate Quantity Per 100g - Total - NIP\",\"SortOrder\":83},{\"Id\":706,\"Name\":\"Carbohydrate Quantity Per Serve - Total - NIP\",\"Value\":null,\"Description\":\"Carbohydrate Quantity Per Serve - Total - NIP\",\"SortOrder\":87},{\"Id\":759,\"Name\":\"Energy kJ Quantity Per 100g - Total - NIP\",\"Value\":null,\"Description\":\"Energy kJ Quantity Per 100g - Total - NIP\",\"SortOrder\":239},{\"Id\":760,\"Name\":\"Energy kJ Quantity Per Serve - Total - NIP\",\"Value\":null,\"Description\":\"Energy kJ Quantity Per Serve - Total - NIP\",\"SortOrder\":243},{\"Id\":253,\"Name\":\"Fat Saturated Quantity Per 100g - Total - NIP\",\"Value\":null,\"Description\":\"Fat Saturated Quantity Per 100g - Total - NIP\",\"SortOrder\":251},{\"Id\":258,\"Name\":\"Fat Saturated Quantity Per Serve - Total - NIP\",\"Value\":null,\"Description\":\"Fat Saturated Quantity Per Serve - Total - NIP\",\"SortOrder\":255},{\"Id\":764,\"Name\":\"Fat Total Quantity Per 100g - Total - NIP\",\"Value\":null,\"Description\":\"Fat Total Quantity Per 100g - Total - NIP\",\"SortOrder\":263},{\"Id\":264,\"Name\":\"Fat Total Quantity Per Serve - Total - NIP\",\"Value\":null,\"Description\":\"Fat Total Quantity Per Serve - Total - NIP\",\"SortOrder\":267},{\"Id\":878,\"Name\":\"Protein Quantity Per 100g - Total - NIP\",\"Value\":null,\"Description\":\"Protein Quantity Per 100g - Total - NIP\",\"SortOrder\":587},{\"Id\":882,\"Name\":\"Protein Quantity Per Serve - Total - NIP\",\"Value\":null,\"Description\":\"Protein Quantity Per Serve - Total - NIP\",\"SortOrder\":591},{\"Id\":477,\"Name\":\"Serving Size - Total - NIP\",\"Value\":null,\"Description\":\"Serving Size - Total - NIP\",\"SortOrder\":607},{\"Id\":544,\"Name\":\"Servings Per Pack - Total - NIP\",\"Value\":null,\"Description\":\"Servings Per Pack - Total - NIP\",\"SortOrder\":611},{\"Id\":491,\"Name\":\"Sodium Quantity Per 100g - Total - NIP\",\"Value\":null,\"Description\":\"Sodium Quantity Per 100g - Total - NIP\",\"SortOrder\":623},{\"Id\":495,\"Name\":\"Sodium Quantity Per Serve - Total - NIP\",\"Value\":null,\"Description\":\"Sodium Quantity Per Serve - Total - NIP\",\"SortOrder\":627},{\"Id\":907,\"Name\":\"Sugars Quantity Per 100g - Prefix - NIP\",\"Value\":null,\"Description\":\"Sugars Quantity Per 100g - Prefix - NIP\",\"SortOrder\":645},{\"Id\":908,\"Name\":\"Sugars Quantity Per 100g - SuffixUnits - NIP\",\"Value\":null,\"Description\":\"Sugars Quantity Per 100g - SuffixUnits - NIP\",\"SortOrder\":646},{\"Id\":909,\"Name\":\"Sugars Quantity Per 100g - Total - NIP\",\"Value\":null,\"Description\":\"Sugars Quantity Per 100g - Total - NIP\",\"SortOrder\":647},{\"Id\":910,\"Name\":\"Sugars Quantity Per 100g - ValueWord - NIP\",\"Value\":null,\"Description\":\"Sugars Quantity Per 100g - ValueWord - NIP\",\"SortOrder\":648},{\"Id\":504,\"Name\":\"Sugars Quantity Per Serve - Prefix - NIP\",\"Value\":null,\"Description\":\"Sugars Quantity Per Serve - Prefix - NIP\",\"SortOrder\":649},{\"Id\":911,\"Name\":\"Sugars Quantity Per Serve - SuffixUnits - NIP\",\"Value\":null,\"Description\":\"Sugars Quantity Per Serve - SuffixUnits - NIP\",\"SortOrder\":650},{\"Id\":912,\"Name\":\"Sugars Quantity Per Serve - Total - NIP\",\"Value\":null,\"Description\":\"Sugars Quantity Per Serve - Total - NIP\",\"SortOrder\":651},{\"Id\":572,\"Name\":\"Sugars Quantity Per Serve - ValueWord - NIP\",\"Value\":null,\"Description\":\"Sugars Quantity Per Serve - ValueWord - NIP\",\"SortOrder\":652}]}",
            "storageinstructions": "Chilled",
            "usageinstructions": null,
            "brand": "dairy farmers",
            "manufacturer": null,
            "countryoforigin": null,
            "productheightmm": null,
            "productwidthmm": null,
            "productdepthmm": null,
            "wool_productpackaging": null,
            "recyclableinformation": null,
            "importantinformation": null,
            "allergencontains": "Milk",
            "allergenmaybepresent": null,
            "allergystatement": "No Artificial Preservatives",
            "lifestyleanddietarystatement": null,
            "lifestyleclaim": null,
            "wool_dietaryclaim": "No Additives, No Preservatives, High in Calcium, Source of Protein",
            "boxedcontents": null,
            "suitablefor": null,
            "fragrance": null,
            "colour": null,
            "antioxidant": "False",
            "addedvitaminsandminerals": "False",
            "bpafree": "False",
            "sulfatefree": "False",
            "parabenfree": "False",
            "claims": null,
            "alcoholfree": null,
            "anti-dandruff": null,
            "dermatologicallyapproved": null,
            "dermatologistrecommended": null,
            "dermatologisttested": null,
            "fragrance-free": null,
            "haircolour": null,
            "hairtype": null,
            "hypo-allergenic": null,
            "non-comedogenic": null,
            "oilfree": null,
            "ophthalmologistapproved": null,
            "ophthalmologisttested": null,
            "paba-free": null,
            "skincondition": null,
            "skintype": null,
            "soap-free": null,
            "spf": null,
            "sweatresistant": null,
            "timer": null,
            "waterresistant": null,
            "phbalanced": null,
            "antiseptic": "False",
            "antibacterial": "False",
            "activeconstituents": null,
            "contains": null,
            "microwavesafe": "False",
            "productimagecount": "1",
            "friendlydisclaimer": null,
            "productimages": "145536.jpg",
            "healthstarrating": "4",
            "tgawarnings": null,
            "vendorarticleid": null,
            "vendorcostprice": null,
            "tgawarning": null,
            "PiesProductB2bDepartmentNodeId": "14_BADBC9B",
            "PiesProductB2bDepartmentsjson": "[{\"Id\":\"14_BADBC9B\",\"Description\":\"Fridge\"},{\"Id\":\"14_7A6B58C\",\"Description\":\"Drinks\"},{\"Id\":\"14_AB10757\",\"Description\":\"Coffee & Tea\"}]",
            "piesb2bdepartmentnamesjson": "[\"Fridge\",\"Drinks\",\"Coffee & Tea\"]",
            "piesb2bcategorynamesjson": "[\"Milk\",\"Chilled Milk\",\"Chilled Milk\"]",
            "piesb2bsubcategorynamesjson": "[\"Full Cream Milk\",\"Full Cream Milk\",\"Full Cream Milk\"]"
          },
          "DetailsImagePaths": [
            "https://cdn0.woolworths.media/content/wowproductimages/large/145536.jpg"
          ],
          "Variety": "",
          "Rating": null,
          "HasProductSubs": false,
          "IsSponsoredAd": false,
          "AdID": null,
          "AdIndex": null,
          "ThirdPartyProductInfo": null,
          "MarketFeatures": null,
          "MarketSpecifications": null
        }
      ],
      "Name": "Dairy Farmers Full Cream Milk"
    },
    {
      "Products": [
        {
          "TileID": 0,
          "Stockcode": 146547,
          "Barcode": "9310036018377",
          "GtinFormat": 13,
          "CupPrice": 2.25,
          "InstoreCupPrice": 2.25,
          "CupMeasure": "1L",
          "CupString": "$2.25 / 1L",
          "InstoreCupString": "$2.25 / 1L",
          "HasCupPrice": true,
          "InstoreHasCupPrice": true,
          "Price": 2.25,
          "InstorePrice": 2.25,
          "Name": "Pauls Zymil Lactose Free Long Life Milk",
          "UrlFriendlyName": "pauls-zymil-lactose-free-long-life-milk",
          "Description": " Pauls Zymil Lactose Free<br>Long Life Milk 1L",
          "SmallImageFile": "https://cdn0.woolworths.media/content/wowproductimages/small/146547.jpg",
          "MediumImageFile": "https://cdn0.woolworths.media/content/wowproductimages/medium/146547.jpg",
          "LargeImageFile": "https://cdn0.woolworths.media/content/wowproductimages/large/146547.jpg",
          "IsNew": false,
          "IsOnSpecial": false,
          "InstoreIsOnSpecial": false,
          "IsEdrSpecial": false,
          "SavingsAmount": 0,
          "InstoreSavingsAmount": 0,
          "WasPrice": 2.25,
          "InstoreWasPrice": 2.25,
          "QuantityInTrolley": 0,
          "Unit": "Each",
          "MinimumQuantity": 1,
          "HasBeenBoughtBefore": false,
          "IsInTrolley": false,
          "Source": "Aisle.DairyEggsFridge",
          "SupplyLimit": 36,
          "IsRanged": false,
          "IsInStock": true,
          "PackageSize": "1L",
          "IsPmDelivery": false,
          "IsForCollection": true,
          "IsForDelivery": true,
          "IsForExpress": false,
          "ProductRestrictionMessage": null,
          "ProductWarningMessage": null,
          "CentreTag": {
            "TagContent": "<span style=\"COLOR: #e2001a\"> Was $2.70 10/08/2020</span>",
            "TagLink": null,
            "FallbackText": null,
            "TagType": "Html",
            "MultibuyData": null
          },
          "IsCentreTag": true,
          "ImageTag": {
            "TagContent": null,
            "TagLink": null,
            "FallbackText": "",
            "TagType": "None",
            "MultibuyData": null
          },
          "HeaderTag": {
            "BackgroundColor": "#fff",
            "BorderColor": "#c20016",
            "TextColor": "#c20016",
            "Content": "<span class=\"u-semibold\">Prices dropped</span>",
            "TagLink": null,
            "Promotion": "PriceDropped"
          },
          "HasHeaderTag": true,
          "UnitWeightInGrams": 1072,
          "SupplyLimitMessage": "'Pauls Zymil Lactose Free Long Life Milk' has a supply limit of 36. The quantity in your cart has been reduced accordingly. To purchase a larger quantity, please contact us on 1800 000 610. Please note we do not supply trade orders.",
          "SmallFormatDescription": "Pauls Zymil Lactose Free Long Life Milk",
          "FullDescription": "Pauls Zymil Lactose Free Long Life Milk",
          "IsAvailable": true,
          "InstoreIsAvailable": true,
          "IsPurchasable": true,
          "InstoreIsPurchasable": true,
          "AgeRestricted": false,
          "DisplayQuantity": 1,
          "RichDescription": "<p>Pauls Zymil is simply milk which is easy to digest*. <br/>Plus Pauls Zymil is lactose free and made from real milk so it has all of the natural goodness of regular milk.  <br/> Low fat milk <br/> Lactose free <br/> Gluten free</p>",
          "IsDeliveryPass": false,
          "HideWasSavedPrice": false,
          "SapCategories": null,
          "Brand": "Pauls",
          "IsRestrictedByDeliveryMethod": false,
          "FooterTag": {
            "TagContent": "<div class=\"productTag-pricedropped\" style=\"\r\nheight:46px;\r\nposition:absolute;\r\ntop:-4px;\r\nleft:0;\r\nwidth:100%;\r\nbackground:white;\r\noutline: 1px solid #c20016;\r\ntext-align:center;\">\r\n\r\n<img src=\"https://cdn0.woolworths.media/content/content/pricedropped-footer-transparent.png\" width=\"204px\" height=\"16px\" alt=\"Price Dropped\" style=\"display:inline-block;margin-top:15px;max-width: 100%;\">\r\n</div>",
            "TagLink": null,
            "FallbackText": null,
            "TagType": "Html",
            "MultibuyData": null
          },
          "IsFooterEnabled": true,
          "Diagnostics": "1639",
          "IsBundle": false,
          "IsInFamily": false,
          "ChildProducts": [],
          "UrlOverride": null,
          "AdditionalAttributes": {
            "sapdepartmentname": "GROCERIES",
            "sapdepartmentno": "5",
            "sapcategoryname": "BEVERAGES",
            "sapcategoryno": "57",
            "sapsubcategoryname": "LONGLIFE MILK & SOY DRINKS",
            "sapsubcategoryno": "3",
            "sapsegmentname": "LONG LIFE MILK - LACTOSE FREE",
            "sapsegmentno": "10",
            "specialsgroupid": null,
            "PiesProductDepartmentNodeId": "1_5AF3A0A",
            "PiesProductDepartmentsjson": "[{\"Id\":\"1_5AF3A0A\",\"Description\":\"Drinks\"},{\"Id\":\"1_6E4F4E4\",\"Description\":\"Dairy, Eggs & Fridge\"}]",
            "piesdepartmentnamesjson": "[\"Drinks\",\"Dairy, Eggs & Fridge\"]",
            "piescategorynamesjson": "[\"Milk\",\"Long Life Milk\"]",
            "piessubcategorynamesjson": "[\"Lactose Free Milk\",\"Long Life Milk\",\"Soy & Speciality Milk\",\"Lactose Free Milk\"]",
            "servingsize-total-nip": null,
            "servingsperpack-total-nip": null,
            "microwaveable": "False",
            "ovencook": "False",
            "vegetarian": "False",
            "freezable": "False",
            "containsnuts": "False",
            "containsgluten": "False",
            "description": "<p>Pauls Zymil is simply milk which is easy to digest*. <br/>Plus Pauls Zymil is lactose free and made from real milk so it has all of the natural goodness of regular milk.  <br/> Low fat milk <br/> Lactose free <br/> Gluten free</p>",
            "ingredients": "Low fat milk (1.3% fat), ensyme (lactase)",
            "nutritionalinformation": "{\"Name\":\"Nutritional Information\",\"Attributes\":[{\"Id\":705,\"Name\":\"Carbohydrate Quantity Per 100g - Total - NIP\",\"Value\":\"5.1g\",\"Description\":\"Carbohydrate Quantity Per 100g - Total - NIP\",\"SortOrder\":83},{\"Id\":706,\"Name\":\"Carbohydrate Quantity Per Serve - Total - NIP\",\"Value\":\"12.8g\",\"Description\":\"Carbohydrate Quantity Per Serve - Total - NIP\",\"SortOrder\":87},{\"Id\":759,\"Name\":\"Energy kJ Quantity Per 100g - Total - NIP\",\"Value\":\"194\",\"Description\":\"Energy kJ Quantity Per 100g - Total - NIP\",\"SortOrder\":239},{\"Id\":760,\"Name\":\"Energy kJ Quantity Per Serve - Total - NIP\",\"Value\":\"485\",\"Description\":\"Energy kJ Quantity Per Serve - Total - NIP\",\"SortOrder\":243},{\"Id\":253,\"Name\":\"Fat Saturated Quantity Per 100g - Total - NIP\",\"Value\":\"0.9\",\"Description\":\"Fat Saturated Quantity Per 100g - Total - NIP\",\"SortOrder\":251},{\"Id\":258,\"Name\":\"Fat Saturated Quantity Per Serve - Total - NIP\",\"Value\":\"2.3\",\"Description\":\"Fat Saturated Quantity Per Serve - Total - NIP\",\"SortOrder\":255},{\"Id\":764,\"Name\":\"Fat Total Quantity Per 100g - Total - NIP\",\"Value\":\"1.3\",\"Description\":\"Fat Total Quantity Per 100g - Total - NIP\",\"SortOrder\":263},{\"Id\":264,\"Name\":\"Fat Total Quantity Per Serve - Total - NIP\",\"Value\":\"3.3\",\"Description\":\"Fat Total Quantity Per Serve - Total - NIP\",\"SortOrder\":267},{\"Id\":878,\"Name\":\"Protein Quantity Per 100g - Total - NIP\",\"Value\":\"3.4\",\"Description\":\"Protein Quantity Per 100g - Total - NIP\",\"SortOrder\":587},{\"Id\":882,\"Name\":\"Protein Quantity Per Serve - Total - NIP\",\"Value\":\"8.5\",\"Description\":\"Protein Quantity Per Serve - Total - NIP\",\"SortOrder\":591},{\"Id\":477,\"Name\":\"Serving Size - Total - NIP\",\"Value\":\"250\",\"Description\":\"Serving Size - Total - NIP\",\"SortOrder\":607},{\"Id\":544,\"Name\":\"Servings Per Pack - Total - NIP\",\"Value\":\"4\",\"Description\":\"Servings Per Pack - Total - NIP\",\"SortOrder\":611},{\"Id\":491,\"Name\":\"Sodium Quantity Per 100g - Total - NIP\",\"Value\":\"40\",\"Description\":\"Sodium Quantity Per 100g - Total - NIP\",\"SortOrder\":623},{\"Id\":495,\"Name\":\"Sodium Quantity Per Serve - Total - NIP\",\"Value\":\"100\",\"Description\":\"Sodium Quantity Per Serve - Total - NIP\",\"SortOrder\":627},{\"Id\":908,\"Name\":\"Sugars Quantity Per 100g - SuffixUnits - NIP\",\"Value\":\"g\",\"Description\":\"Sugars Quantity Per 100g - SuffixUnits - NIP\",\"SortOrder\":646},{\"Id\":909,\"Name\":\"Sugars Quantity Per 100g - Total - NIP\",\"Value\":\"5.0\",\"Description\":\"Sugars Quantity Per 100g - Total - NIP\",\"SortOrder\":647},{\"Id\":910,\"Name\":\"Sugars Quantity Per 100g - ValueWord - NIP\",\"Value\":\"5.0\",\"Description\":\"Sugars Quantity Per 100g - ValueWord - NIP\",\"SortOrder\":648},{\"Id\":911,\"Name\":\"Sugars Quantity Per Serve - SuffixUnits - NIP\",\"Value\":\"g\",\"Description\":\"Sugars Quantity Per Serve - SuffixUnits - NIP\",\"SortOrder\":650},{\"Id\":912,\"Name\":\"Sugars Quantity Per Serve - Total - NIP\",\"Value\":\"12.5\",\"Description\":\"Sugars Quantity Per Serve - Total - NIP\",\"SortOrder\":651},{\"Id\":572,\"Name\":\"Sugars Quantity Per Serve - ValueWord - NIP\",\"Value\":\"12.5\",\"Description\":\"Sugars Quantity Per Serve - ValueWord - NIP\",\"SortOrder\":652}]}",
            "storageinstructions": "Store at an ambient temperature less than 30°C. Store in an upright position.",
            "usageinstructions": null,
            "brand": "pauls",
            "manufacturer": null,
            "countryoforigin": null,
            "productheightmm": null,
            "productwidthmm": null,
            "productdepthmm": null,
            "wool_productpackaging": null,
            "recyclableinformation": null,
            "importantinformation": null,
            "allergencontains": "Milk",
            "allergenmaybepresent": null,
            "allergystatement": "Fish Free",
            "lifestyleanddietarystatement": "Gluten Free",
            "lifestyleclaim": null,
            "wool_dietaryclaim": "Low Fat, Source of Calcium, Source of Protein, Source of Vitamins",
            "boxedcontents": null,
            "suitablefor": null,
            "fragrance": null,
            "colour": null,
            "antioxidant": "False",
            "addedvitaminsandminerals": "False",
            "bpafree": "False",
            "sulfatefree": "False",
            "parabenfree": "False",
            "claims": null,
            "alcoholfree": null,
            "anti-dandruff": null,
            "dermatologicallyapproved": null,
            "dermatologistrecommended": null,
            "dermatologisttested": null,
            "fragrance-free": null,
            "haircolour": null,
            "hairtype": null,
            "hypo-allergenic": null,
            "non-comedogenic": null,
            "oilfree": null,
            "ophthalmologistapproved": null,
            "ophthalmologisttested": null,
            "paba-free": null,
            "skincondition": null,
            "skintype": null,
            "soap-free": null,
            "spf": null,
            "sweatresistant": null,
            "timer": null,
            "waterresistant": null,
            "phbalanced": null,
            "antiseptic": "False",
            "antibacterial": "False",
            "activeconstituents": null,
            "contains": null,
            "microwavesafe": "False",
            "productimagecount": "7",
            "friendlydisclaimer": null,
            "productimages": "146547_2.jpg,146547_3.jpg,146547_4.jpg,146547_5.jpg,146547_6.jpg,146547_1.jpg,146547.jpg",
            "healthstarrating": "0",
            "tgawarnings": null,
            "vendorarticleid": null,
            "vendorcostprice": null,
            "tgawarning": null,
            "PiesProductB2bDepartmentNodeId": "14_BADBC9B",
            "PiesProductB2bDepartmentsjson": "[{\"Id\":\"14_BADBC9B\",\"Description\":\"Fridge\"},{\"Id\":\"14_7A6B58C\",\"Description\":\"Drinks\"},{\"Id\":\"14_AB10757\",\"Description\":\"Coffee & Tea\"}]",
            "piesb2bdepartmentnamesjson": "[\"Fridge\",\"Drinks\",\"Coffee & Tea\"]",
            "piesb2bcategorynamesjson": "[\"Milk\",\"Chilled Milk\",\"Chilled Milk\",\"Long Life Milk\",\"Long-life Milk\"]",
            "piesb2bsubcategorynamesjson": "[\"Soy & Speciality Milk\",\"Soy & Specialty Milk\",\"Soy & Specialty Milk\",\"Lactose Free Milk\",\"Lactose Free Milk\"]"
          },
          "DetailsImagePaths": [
            "https://cdn0.woolworths.media/content/wowproductimages/large/146547.jpg",
            "https://cdn0.woolworths.media/content/wowproductimages/large/146547_1.jpg",
            "https://cdn0.woolworths.media/content/wowproductimages/large/146547_2.jpg",
            "https://cdn0.woolworths.media/content/wowproductimages/large/146547_3.jpg",
            "https://cdn0.woolworths.media/content/wowproductimages/large/146547_4.jpg",
            "https://cdn0.woolworths.media/content/wowproductimages/large/146547_5.jpg",
            "https://cdn0.woolworths.media/content/wowproductimages/large/146547_6.jpg"
          ],
          "Variety": "LONG LIFE MILK",
          "Rating": null,
          "HasProductSubs": false,
          "IsSponsoredAd": false,
          "AdID": null,
          "AdIndex": null,
          "ThirdPartyProductInfo": null,
          "MarketFeatures": null,
          "MarketSpecifications": null
        }
      ],
      "Name": "Pauls Zymil Lactose Free Long Life Milk"
    },
    {
      "Products": [
        {
          "TileID": 0,
          "Stockcode": 209144,
          "Barcode": "9319634000487",
          "GtinFormat": 13,
          "CupPrice": 2.25,
          "InstoreCupPrice": 2.25,
          "CupMeasure": "1L",
          "CupString": "$2.25 / 1L",
          "InstoreCupString": "$2.25 / 1L",
          "HasCupPrice": true,
          "InstoreHasCupPrice": true,
          "Price": 2.25,
          "InstorePrice": 2.25,
          "Name": "Liddells Skim Long Life Milk Lactose Free",
          "UrlFriendlyName": "liddells-skim-long-life-milk-lactose-free",
          "Description": " Liddells Skim Long Life Milk<br>Lactose Free 1L",
          "SmallImageFile": "https://cdn0.woolworths.media/content/wowproductimages/small/209144.jpg",
          "MediumImageFile": "https://cdn0.woolworths.media/content/wowproductimages/medium/209144.jpg",
          "LargeImageFile": "https://cdn0.woolworths.media/content/wowproductimages/large/209144.jpg",
          "IsNew": false,
          "IsOnSpecial": false,
          "InstoreIsOnSpecial": false,
          "IsEdrSpecial": false,
          "SavingsAmount": 0,
          "InstoreSavingsAmount": 0,
          "WasPrice": 2.25,
          "InstoreWasPrice": 2.25,
          "QuantityInTrolley": 0,
          "Unit": "Each",
          "MinimumQuantity": 1,
          "HasBeenBoughtBefore": false,
          "IsInTrolley": false,
          "Source": "Aisle.DairyEggsFridge",
          "SupplyLimit": 36,
          "IsRanged": false,
          "IsInStock": true,
          "PackageSize": "1L",
          "IsPmDelivery": false,
          "IsForCollection": true,
          "IsForDelivery": true,
          "IsForExpress": false,
          "ProductRestrictionMessage": null,
          "ProductWarningMessage": null,
          "CentreTag": {
            "TagContent": null,
            "TagLink": null,
            "FallbackText": null,
            "TagType": "None",
            "MultibuyData": null
          },
          "IsCentreTag": false,
          "ImageTag": {
            "TagContent": null,
            "TagLink": null,
            "FallbackText": "",
            "TagType": "None",
            "MultibuyData": null
          },
          "HeaderTag": {
            "BackgroundColor": "#c20016",
            "BorderColor": "#c20016",
            "TextColor": "#fff",
            "Content": "Low price <span class=\"u-semibold\">always</span>",
            "TagLink": null,
            "Promotion": "LowPrice"
          },
          "HasHeaderTag": true,
          "UnitWeightInGrams": 1072,
          "SupplyLimitMessage": "'Liddells Skim Long Life Milk Lactose Free' has a supply limit of 36. The quantity in your cart has been reduced accordingly. To purchase a larger quantity, please contact us on 1800 000 610. Please note we do not supply trade orders.",
          "SmallFormatDescription": "Liddells Skim Long Life Milk Lactose Free",
          "FullDescription": "Liddells Skim Long Life Milk Lactose Free",
          "IsAvailable": true,
          "InstoreIsAvailable": true,
          "IsPurchasable": true,
          "InstoreIsPurchasable": true,
          "AgeRestricted": false,
          "DisplayQuantity": 1,
          "RichDescription": "<p>If you love dairy, but your digestive system doesn't, Liddells lactose free is for you. Because it's made with real milk, you get all the goodness and great taste you want, without the lactose.</p><p>- Naturally gluten free</p><p>- High in calcium for strong bones</p><p>- Delicious dairy goodness</p><p>- no preservatives</p>",
          "IsDeliveryPass": false,
          "HideWasSavedPrice": false,
          "SapCategories": null,
          "Brand": "Liddells",
          "IsRestrictedByDeliveryMethod": false,
          "FooterTag": {
            "TagContent": "<div class=\"productTag-lowerpricealways\" style=\"\r\nheight:46px;\r\nposition:absolute;\r\ntop:-2px;\r\nleft:0;\r\nwidth:100%;\r\nbackground:#c20016;\r\ntext-align:center;\r\n\">\r\n<img src=\"https://wowpmediaaae.azureedge.net/content/content/lpa_footer_img2.png\" width=\"166px\" height=\"13px\" alt=\"Lower Price Always\" style=\"display:inline-block; margin-top:15px;\">\r\n</div>\r\n<style>\r\n.cardViewCompact wow-shelf-product:not(.override-global-size) .card:not(.is-smallFormat).shelfProductStamp .productTag-lowerpricealways img{\r\n                max-width: 90%;\r\n}\r\n</style>",
            "TagLink": null,
            "FallbackText": null,
            "TagType": "Html",
            "MultibuyData": null
          },
          "IsFooterEnabled": true,
          "Diagnostics": "1640",
          "IsBundle": false,
          "IsInFamily": false,
          "ChildProducts": [],
          "UrlOverride": null,
          "AdditionalAttributes": {
            "sapdepartmentname": "GROCERIES",
            "sapdepartmentno": "5",
            "sapcategoryname": "BEVERAGES",
            "sapcategoryno": "57",
            "sapsubcategoryname": "LONGLIFE MILK & SOY DRINKS",
            "sapsubcategoryno": "3",
            "sapsegmentname": "LONG LIFE MILK - LACTOSE FREE",
            "sapsegmentno": "10",
            "specialsgroupid": null,
            "PiesProductDepartmentNodeId": "1_6E4F4E4",
            "PiesProductDepartmentsjson": "[{\"Id\":\"1_6E4F4E4\",\"Description\":\"Dairy, Eggs & Fridge\"},{\"Id\":\"1_5AF3A0A\",\"Description\":\"Drinks\"}]",
            "piesdepartmentnamesjson": "[\"Dairy, Eggs & Fridge\",\"Drinks\"]",
            "piescategorynamesjson": "[\"Long Life Milk\",\"Milk\"]",
            "piessubcategorynamesjson": "[\"Lactose Free Milk\",\"Lactose Free Milk\",\"Long Life Milk\",\"Soy & Speciality Milk\"]",
            "servingsize-total-nip": null,
            "servingsperpack-total-nip": null,
            "microwaveable": "False",
            "ovencook": "False",
            "vegetarian": "False",
            "freezable": "False",
            "containsnuts": "False",
            "containsgluten": "False",
            "description": "<p>If you love dairy, but your digestive system doesn't, Liddells lactose free is for you. Because it's made with real milk, you get all the goodness and great taste you want, without the lactose.</p><p>- Naturally gluten free</p><p>- High in calcium for strong bones</p><p>- Delicious dairy goodness</p><p>- no preservatives</p>",
            "ingredients": "Skim Milk, Enzyme (Lactase).",
            "nutritionalinformation": "{\"Name\":\"Nutritional Information\",\"Attributes\":[{\"Id\":705,\"Name\":\"Carbohydrate Quantity Per 100g - Total - NIP\",\"Value\":\"4.8g\",\"Description\":\"Carbohydrate Quantity Per 100g - Total - NIP\",\"SortOrder\":83},{\"Id\":706,\"Name\":\"Carbohydrate Quantity Per Serve - Total - NIP\",\"Value\":\"12.0g\",\"Description\":\"Carbohydrate Quantity Per Serve - Total - NIP\",\"SortOrder\":87},{\"Id\":759,\"Name\":\"Energy kJ Quantity Per 100g - Total - NIP\",\"Value\":\"143kJ\",\"Description\":\"Energy kJ Quantity Per 100g - Total - NIP\",\"SortOrder\":239},{\"Id\":760,\"Name\":\"Energy kJ Quantity Per Serve - Total - NIP\",\"Value\":\"358kJ\",\"Description\":\"Energy kJ Quantity Per Serve - Total - NIP\",\"SortOrder\":243},{\"Id\":253,\"Name\":\"Fat Saturated Quantity Per 100g - Total - NIP\",\"Value\":\"0.07g\",\"Description\":\"Fat Saturated Quantity Per 100g - Total - NIP\",\"SortOrder\":251},{\"Id\":258,\"Name\":\"Fat Saturated Quantity Per Serve - Total - NIP\",\"Value\":\"0.18g\",\"Description\":\"Fat Saturated Quantity Per Serve - Total - NIP\",\"SortOrder\":255},{\"Id\":764,\"Name\":\"Fat Total Quantity Per 100g - Total - NIP\",\"Value\":\"0.1g\",\"Description\":\"Fat Total Quantity Per 100g - Total - NIP\",\"SortOrder\":263},{\"Id\":264,\"Name\":\"Fat Total Quantity Per Serve - Total - NIP\",\"Value\":\"0.3g\",\"Description\":\"Fat Total Quantity Per Serve - Total - NIP\",\"SortOrder\":267},{\"Id\":878,\"Name\":\"Protein Quantity Per 100g - Total - NIP\",\"Value\":\"3.4g\",\"Description\":\"Protein Quantity Per 100g - Total - NIP\",\"SortOrder\":587},{\"Id\":882,\"Name\":\"Protein Quantity Per Serve - Total - NIP\",\"Value\":\"8.5g\",\"Description\":\"Protein Quantity Per Serve - Total - NIP\",\"SortOrder\":591},{\"Id\":477,\"Name\":\"Serving Size - Total - NIP\",\"Value\":\"250mL\",\"Description\":\"Serving Size - Total - NIP\",\"SortOrder\":607},{\"Id\":544,\"Name\":\"Servings Per Pack - Total - NIP\",\"Value\":\"4\",\"Description\":\"Servings Per Pack - Total - NIP\",\"SortOrder\":611},{\"Id\":491,\"Name\":\"Sodium Quantity Per 100g - Total - NIP\",\"Value\":\"35mg\",\"Description\":\"Sodium Quantity Per 100g - Total - NIP\",\"SortOrder\":623},{\"Id\":495,\"Name\":\"Sodium Quantity Per Serve - Total - NIP\",\"Value\":\"88mg\",\"Description\":\"Sodium Quantity Per Serve - Total - NIP\",\"SortOrder\":627},{\"Id\":907,\"Name\":\"Sugars Quantity Per 100g - Prefix - NIP\",\"Value\":\"\",\"Description\":\"Sugars Quantity Per 100g - Prefix - NIP\",\"SortOrder\":645},{\"Id\":908,\"Name\":\"Sugars Quantity Per 100g - SuffixUnits - NIP\",\"Value\":\"g\",\"Description\":\"Sugars Quantity Per 100g - SuffixUnits - NIP\",\"SortOrder\":646},{\"Id\":909,\"Name\":\"Sugars Quantity Per 100g - Total - NIP\",\"Value\":\"4.8g\",\"Description\":\"Sugars Quantity Per 100g - Total - NIP\",\"SortOrder\":647},{\"Id\":910,\"Name\":\"Sugars Quantity Per 100g - ValueWord - NIP\",\"Value\":\"4.8\",\"Description\":\"Sugars Quantity Per 100g - ValueWord - NIP\",\"SortOrder\":648},{\"Id\":504,\"Name\":\"Sugars Quantity Per Serve - Prefix - NIP\",\"Value\":\"\",\"Description\":\"Sugars Quantity Per Serve - Prefix - NIP\",\"SortOrder\":649},{\"Id\":911,\"Name\":\"Sugars Quantity Per Serve - SuffixUnits - NIP\",\"Value\":\"g\",\"Description\":\"Sugars Quantity Per Serve - SuffixUnits - NIP\",\"SortOrder\":650},{\"Id\":912,\"Name\":\"Sugars Quantity Per Serve - Total - NIP\",\"Value\":\"12.0g\",\"Description\":\"Sugars Quantity Per Serve - Total - NIP\",\"SortOrder\":651},{\"Id\":572,\"Name\":\"Sugars Quantity Per Serve - ValueWord - NIP\",\"Value\":\"12.0\",\"Description\":\"Sugars Quantity Per Serve - ValueWord - NIP\",\"SortOrder\":652}]}",
            "storageinstructions": "Store in a cool, dry place. Refrigerate after opening at 1 to 4C.",
            "usageinstructions": null,
            "brand": "liddells",
            "manufacturer": null,
            "countryoforigin": null,
            "productheightmm": null,
            "productwidthmm": null,
            "productdepthmm": null,
            "wool_productpackaging": null,
            "recyclableinformation": null,
            "importantinformation": null,
            "allergencontains": "Milk",
            "allergenmaybepresent": null,
            "allergystatement": "No Artificial Preservatives",
            "lifestyleanddietarystatement": "Low Saturated Fat",
            "lifestyleclaim": null,
            "wool_dietaryclaim": "Gluten Free",
            "boxedcontents": null,
            "suitablefor": null,
            "fragrance": null,
            "colour": null,
            "antioxidant": "False",
            "addedvitaminsandminerals": "False",
            "bpafree": "False",
            "sulfatefree": "False",
            "parabenfree": "False",
            "claims": null,
            "alcoholfree": null,
            "anti-dandruff": null,
            "dermatologicallyapproved": null,
            "dermatologistrecommended": null,
            "dermatologisttested": null,
            "fragrance-free": null,
            "haircolour": null,
            "hairtype": null,
            "hypo-allergenic": null,
            "non-comedogenic": null,
            "oilfree": null,
            "ophthalmologistapproved": null,
            "ophthalmologisttested": null,
            "paba-free": null,
            "skincondition": null,
            "skintype": null,
            "soap-free": null,
            "spf": null,
            "sweatresistant": null,
            "timer": null,
            "waterresistant": null,
            "phbalanced": null,
            "antiseptic": "False",
            "antibacterial": "False",
            "activeconstituents": null,
            "contains": null,
            "microwavesafe": "False",
            "productimagecount": "2",
            "friendlydisclaimer": null,
            "productimages": "209144.jpg,209144_1.jpg",
            "healthstarrating": "0",
            "tgawarnings": null,
            "vendorarticleid": null,
            "vendorcostprice": null,
            "tgawarning": null,
            "PiesProductB2bDepartmentNodeId": "14_BADBC9B",
            "PiesProductB2bDepartmentsjson": "[{\"Id\":\"14_BADBC9B\",\"Description\":\"Fridge\"},{\"Id\":\"14_7A6B58C\",\"Description\":\"Drinks\"},{\"Id\":\"14_AB10757\",\"Description\":\"Coffee & Tea\"}]",
            "piesb2bdepartmentnamesjson": "[\"Fridge\",\"Drinks\",\"Coffee & Tea\"]",
            "piesb2bcategorynamesjson": "[\"Milk\",\"Chilled Milk\",\"Chilled Milk\",\"Long Life Milk\",\"Long-life Milk\"]",
            "piesb2bsubcategorynamesjson": "[\"Soy & Speciality Milk\",\"Soy & Specialty Milk\",\"Soy & Specialty Milk\",\"Lactose Free Milk\",\"Lactose Free Milk\"]"
          },
          "DetailsImagePaths": [
            "https://cdn0.woolworths.media/content/wowproductimages/large/209144.jpg",
            "https://cdn0.woolworths.media/content/wowproductimages/large/209144_1.jpg"
          ],
          "Variety": "LACTOSE FREE",
          "Rating": null,
          "HasProductSubs": false,
          "IsSponsoredAd": false,
          "AdID": null,
          "AdIndex": null,
          "ThirdPartyProductInfo": null,
          "MarketFeatures": null,
          "MarketSpecifications": null
        }
      ],
      "Name": "Liddells Skim Long Life Milk Lactose Free"
    },
    {
      "Products": [
        {
          "TileID": 0,
          "Stockcode": 580630,
          "Barcode": "9300830026074",
          "GtinFormat": 13,
          "CupPrice": 0.9,
          "InstoreCupPrice": 0.9,
          "CupMeasure": "100G",
          "CupString": "$0.90 / 100G",
          "InstoreCupString": "$0.90 / 100G",
          "HasCupPrice": true,
          "InstoreHasCupPrice": true,
          "Price": 2.25,
          "InstorePrice": 2.25,
          "Name": "Flora Proactiv Margarine Buttery",
          "UrlFriendlyName": "flora-proactiv-margarine-buttery",
          "Description": " Flora Proactiv Margarine<br>Buttery 250g",
          "SmallImageFile": "https://cdn0.woolworths.media/content/wowproductimages/small/580630.jpg",
          "MediumImageFile": "https://cdn0.woolworths.media/content/wowproductimages/medium/580630.jpg",
          "LargeImageFile": "https://cdn0.woolworths.media/content/wowproductimages/large/580630.jpg",
          "IsNew": false,
          "IsOnSpecial": true,
          "InstoreIsOnSpecial": true,
          "IsEdrSpecial": false,
          "SavingsAmount": 2.25,
          "InstoreSavingsAmount": 2.25,
          "WasPrice": 4.5,
          "InstoreWasPrice": 4.5,
          "QuantityInTrolley": 0,
          "Unit": "Each",
          "MinimumQuantity": 1,
          "HasBeenBoughtBefore": false,
          "IsInTrolley": false,
          "Source": "Aisle.DairyEggsFridge",
          "SupplyLimit": 36,
          "IsRanged": false,
          "IsInStock": true,
          "PackageSize": "250g",
          "IsPmDelivery": true,
          "IsForCollection": true,
          "IsForDelivery": true,
          "IsForExpress": false,
          "ProductRestrictionMessage": null,
          "ProductWarningMessage": null,
          "CentreTag": {
            "TagContent": null,
            "TagLink": null,
            "FallbackText": null,
            "TagType": "None",
            "MultibuyData": null
          },
          "IsCentreTag": false,
          "ImageTag": {
            "TagContent": "/content/promotiontags/roundel-half-price-200x200.png",
            "TagLink": "",
            "FallbackText": "Half Price",
            "TagType": "None",
            "MultibuyData": null
          },
          "HeaderTag": {
            "BackgroundColor": "#fd0",
            "BorderColor": "#fd0",
            "TextColor": "#000",
            "Content": "Save $2.25",
            "TagLink": null,
            "Promotion": "Special"
          },
          "HasHeaderTag": true,
          "UnitWeightInGrams": 261,
          "SupplyLimitMessage": "'Flora Proactiv Margarine Buttery' has a supply limit of 36. The quantity in your cart has been reduced accordingly. To purchase a larger quantity, please contact us on 1800 000 610. Please note we do not supply trade orders.",
          "SmallFormatDescription": "Flora Proactiv Margarine Buttery",
          "FullDescription": "Flora Proactiv Margarine Buttery",
          "IsAvailable": true,
          "InstoreIsAvailable": true,
          "IsPurchasable": true,
          "InstoreIsPurchasable": true,
          "AgeRestricted": false,
          "DisplayQuantity": 1,
          "RichDescription": "Flora ProActiv Buttery with real buttermilk and with plant sterols clinically proven to lower cholesterol. <br> This contains 2g of plant sterols, the optimal amount per day proven to lower cholesterol.<br />More than 3g of plant sterols per day do not provide additional benefits. If you are on cholesterol lowering medication please consult your doctor while using Flora ProActiv.",
          "IsDeliveryPass": false,
          "HideWasSavedPrice": false,
          "SapCategories": null,
          "Brand": "flora",
          "IsRestrictedByDeliveryMethod": false,
          "FooterTag": {
            "TagContent": "<div class=\"productTag-pricedropped\" style=\"\r\nheight:46px;\r\nposition:absolute;\r\ntop:-4px;\r\nleft:0;\r\nwidth:100%;\r\nbackground:white;\r\noutline: 1px solid #c20016;\r\ntext-align:center;\">\r\n\r\n<img src=\"https://cdn0.woolworths.media/content/content/pricedropped-footer-transparent.png\" width=\"204px\" height=\"16px\" alt=\"Price Dropped\" style=\"display:inline-block;margin-top:15px;max-width: 100%;\">\r\n</div>",
            "TagLink": null,
            "FallbackText": null,
            "TagType": "Html",
            "MultibuyData": null
          },
          "IsFooterEnabled": true,
          "Diagnostics": "1641",
          "IsBundle": false,
          "IsInFamily": false,
          "ChildProducts": [],
          "UrlOverride": null,
          "AdditionalAttributes": {
            "sapdepartmentname": "FRESH CONVENIENCE",
            "sapdepartmentno": "10",
            "sapcategoryname": "DAIRY - BUTTER & MARGARINE",
            "sapcategoryno": "90",
            "sapsubcategoryname": "DAIRY - BUTTER & MARGARINE",
            "sapsubcategoryno": "892",
            "sapsegmentname": "MARGARINE HEALTHY 250G & UNDER",
            "sapsegmentno": "1",
            "specialsgroupid": "3658",
            "PiesProductDepartmentNodeId": "1_6E4F4E4",
            "PiesProductDepartmentsjson": "[{\"Id\":\"1_6E4F4E4\",\"Description\":\"Dairy, Eggs & Fridge\"}]",
            "piesdepartmentnamesjson": "[\"Dairy, Eggs & Fridge\"]",
            "piescategorynamesjson": "[\"Eggs, Butter & Margarine\"]",
            "piessubcategorynamesjson": "[\"Butter & Margarine\"]",
            "servingsize-total-nip": null,
            "servingsperpack-total-nip": null,
            "microwaveable": "False",
            "ovencook": "False",
            "vegetarian": "False",
            "freezable": "False",
            "containsnuts": "False",
            "containsgluten": "False",
            "description": "Flora ProActiv Buttery with real buttermilk and with plant sterols clinically proven to lower cholesterol. <br> This contains 2g of plant sterols, the optimal amount per day proven to lower cholesterol.<br />More than 3g of plant sterols per day do not provide additional benefits. If you are on cholesterol lowering medication please consult your doctor while using Flora ProActiv.",
            "ingredients": "Vegetable Oils, Water, Buttermilk (8%), Phytosterol Esters (8% Plant Sterols), Salt, Emulsifiers (471, Soy Lecithin), Food Acid (Lactic Acid), Natural Flavours, Preservative (202), Vitamins (A, D), Natural Colour (ß-Carotene)",
            "nutritionalinformation": "{\"Name\":\"Nutritional Information\",\"Attributes\":[{\"Id\":705,\"Name\":\"Carbohydrate Quantity Per 100g - Total - NIP\",\"Value\":\"<1.0g\",\"Description\":\"Carbohydrate Quantity Per 100g - Total - NIP\",\"SortOrder\":83},{\"Id\":706,\"Name\":\"Carbohydrate Quantity Per Serve - Total - NIP\",\"Value\":\"<1.0g\",\"Description\":\"Carbohydrate Quantity Per Serve - Total - NIP\",\"SortOrder\":87},{\"Id\":759,\"Name\":\"Energy kJ Quantity Per 100g - Total - NIP\",\"Value\":\"2410kJ\",\"Description\":\"Energy kJ Quantity Per 100g - Total - NIP\",\"SortOrder\":239},{\"Id\":760,\"Name\":\"Energy kJ Quantity Per Serve - Total - NIP\",\"Value\":\"241kJ\",\"Description\":\"Energy kJ Quantity Per Serve - Total - NIP\",\"SortOrder\":243},{\"Id\":253,\"Name\":\"Fat Saturated Quantity Per 100g - Total - NIP\",\"Value\":\"13.9g\",\"Description\":\"Fat Saturated Quantity Per 100g - Total - NIP\",\"SortOrder\":251},{\"Id\":258,\"Name\":\"Fat Saturated Quantity Per Serve - Total - NIP\",\"Value\":\"1.4g\",\"Description\":\"Fat Saturated Quantity Per Serve - Total - NIP\",\"SortOrder\":255},{\"Id\":764,\"Name\":\"Fat Total Quantity Per 100g - Total - NIP\",\"Value\":\"64.7g\",\"Description\":\"Fat Total Quantity Per 100g - Total - NIP\",\"SortOrder\":263},{\"Id\":264,\"Name\":\"Fat Total Quantity Per Serve - Total - NIP\",\"Value\":\"6.5g\",\"Description\":\"Fat Total Quantity Per Serve - Total - NIP\",\"SortOrder\":267},{\"Id\":878,\"Name\":\"Protein Quantity Per 100g - Total - NIP\",\"Value\":\"<1.0g\",\"Description\":\"Protein Quantity Per 100g - Total - NIP\",\"SortOrder\":587},{\"Id\":882,\"Name\":\"Protein Quantity Per Serve - Total - NIP\",\"Value\":\"<1.0g\",\"Description\":\"Protein Quantity Per Serve - Total - NIP\",\"SortOrder\":591},{\"Id\":477,\"Name\":\"Serving Size - Total - NIP\",\"Value\":\"10g\",\"Description\":\"Serving Size - Total - NIP\",\"SortOrder\":607},{\"Id\":544,\"Name\":\"Servings Per Pack - Total - NIP\",\"Value\":\"25\",\"Description\":\"Servings Per Pack - Total - NIP\",\"SortOrder\":611},{\"Id\":491,\"Name\":\"Sodium Quantity Per 100g - Total - NIP\",\"Value\":\"360mg\",\"Description\":\"Sodium Quantity Per 100g - Total - NIP\",\"SortOrder\":623},{\"Id\":495,\"Name\":\"Sodium Quantity Per Serve - Total - NIP\",\"Value\":\"36mg\",\"Description\":\"Sodium Quantity Per Serve - Total - NIP\",\"SortOrder\":627},{\"Id\":907,\"Name\":\"Sugars Quantity Per 100g - Prefix - NIP\",\"Value\":\"<\",\"Description\":\"Sugars Quantity Per 100g - Prefix - NIP\",\"SortOrder\":645},{\"Id\":908,\"Name\":\"Sugars Quantity Per 100g - SuffixUnits - NIP\",\"Value\":\"g\",\"Description\":\"Sugars Quantity Per 100g - SuffixUnits - NIP\",\"SortOrder\":646},{\"Id\":909,\"Name\":\"Sugars Quantity Per 100g - Total - NIP\",\"Value\":\"<1.0g\",\"Description\":\"Sugars Quantity Per 100g - Total - NIP\",\"SortOrder\":647},{\"Id\":910,\"Name\":\"Sugars Quantity Per 100g - ValueWord - NIP\",\"Value\":\"1.0\",\"Description\":\"Sugars Quantity Per 100g - ValueWord - NIP\",\"SortOrder\":648},{\"Id\":504,\"Name\":\"Sugars Quantity Per Serve - Prefix - NIP\",\"Value\":\"<\",\"Description\":\"Sugars Quantity Per Serve - Prefix - NIP\",\"SortOrder\":649},{\"Id\":911,\"Name\":\"Sugars Quantity Per Serve - SuffixUnits - NIP\",\"Value\":\"g\",\"Description\":\"Sugars Quantity Per Serve - SuffixUnits - NIP\",\"SortOrder\":650},{\"Id\":912,\"Name\":\"Sugars Quantity Per Serve - Total - NIP\",\"Value\":\"<1.0g\",\"Description\":\"Sugars Quantity Per Serve - Total - NIP\",\"SortOrder\":651},{\"Id\":572,\"Name\":\"Sugars Quantity Per Serve - ValueWord - NIP\",\"Value\":\"1.0\",\"Description\":\"Sugars Quantity Per Serve - ValueWord - NIP\",\"SortOrder\":652}]}",
            "storageinstructions": "Keep refrigerated.",
            "usageinstructions": null,
            "brand": "flora",
            "manufacturer": null,
            "countryoforigin": null,
            "productheightmm": null,
            "productwidthmm": null,
            "productdepthmm": null,
            "wool_productpackaging": null,
            "recyclableinformation": null,
            "importantinformation": null,
            "allergencontains": "Soy, Milk",
            "allergenmaybepresent": null,
            "allergystatement": "No Artificial Colours or Flavours",
            "lifestyleanddietarystatement": "Low Sugar",
            "lifestyleclaim": null,
            "wool_dietaryclaim": "Free from artificial colour. Free from artificial flavour",
            "boxedcontents": null,
            "suitablefor": null,
            "fragrance": null,
            "colour": null,
            "antioxidant": "False",
            "addedvitaminsandminerals": "False",
            "bpafree": "False",
            "sulfatefree": "False",
            "parabenfree": "False",
            "claims": null,
            "alcoholfree": null,
            "anti-dandruff": null,
            "dermatologicallyapproved": null,
            "dermatologistrecommended": null,
            "dermatologisttested": null,
            "fragrance-free": null,
            "haircolour": null,
            "hairtype": null,
            "hypo-allergenic": null,
            "non-comedogenic": null,
            "oilfree": null,
            "ophthalmologistapproved": null,
            "ophthalmologisttested": null,
            "paba-free": null,
            "skincondition": null,
            "skintype": null,
            "soap-free": null,
            "spf": null,
            "sweatresistant": null,
            "timer": null,
            "waterresistant": null,
            "phbalanced": null,
            "antiseptic": "False",
            "antibacterial": "False",
            "activeconstituents": null,
            "contains": null,
            "microwavesafe": "False",
            "productimagecount": "4",
            "friendlydisclaimer": null,
            "productimages": "580630.jpg,580630_1.jpg,580630_2.jpg,580630_7.jpg",
            "healthstarrating": "3.5",
            "tgawarnings": null,
            "vendorarticleid": null,
            "vendorcostprice": null,
            "tgawarning": null
          },
          "DetailsImagePaths": [
            "https://cdn0.woolworths.media/content/wowproductimages/large/580630.jpg",
            "https://cdn0.woolworths.media/content/wowproductimages/large/580630_1.jpg",
            "https://cdn0.woolworths.media/content/wowproductimages/large/580630_2.jpg",
            "https://cdn0.woolworths.media/content/wowproductimages/large/580630_7.jpg"
          ],
          "Variety": "buttery",
          "Rating": {
            "ReviewCount": 0,
            "RatingCount": 0,
            "RatingSum": 0,
            "OneStarCount": 0,
            "TwoStarCount": 0,
            "ThreeStarCount": 0,
            "FourStarCount": 0,
            "FiveStarCount": 0,
            "Average": 0,
            "OneStarPercentage": 0,
            "TwoStarPercentage": 0,
            "ThreeStarPercentage": 0,
            "FourStarPercentage": 0,
            "FiveStarPercentage": 0
          },
          "HasProductSubs": false,
          "IsSponsoredAd": false,
          "AdID": null,
          "AdIndex": null,
          "ThirdPartyProductInfo": null,
          "MarketFeatures": null,
          "MarketSpecifications": null
        }
      ],
      "Name": "Flora Proactiv Margarine Buttery"
    },
    {
      "Products": [
        {
          "TileID": 0,
          "Stockcode": 687255,
          "Barcode": "9310653104170",
          "GtinFormat": 13,
          "CupPrice": 1.61,
          "InstoreCupPrice": 1.61,
          "CupMeasure": "100G",
          "CupString": "$1.61 / 100G",
          "InstoreCupString": "$1.61 / 100G",
          "HasCupPrice": true,
          "InstoreHasCupPrice": true,
          "Price": 2.25,
          "InstorePrice": 2.25,
          "Name": "Chobani Limited Batch Pouch",
          "UrlFriendlyName": "chobani-limited-batch-pouch",
          "Description": " Chobani Limited Batch Pouch  140g",
          "SmallImageFile": "https://cdn0.woolworths.media/content/wowproductimages/small/687255.jpg",
          "MediumImageFile": "https://cdn0.woolworths.media/content/wowproductimages/medium/687255.jpg",
          "LargeImageFile": "https://cdn0.woolworths.media/content/wowproductimages/large/687255.jpg",
          "IsNew": false,
          "IsOnSpecial": false,
          "InstoreIsOnSpecial": false,
          "IsEdrSpecial": false,
          "SavingsAmount": 0,
          "InstoreSavingsAmount": 0,
          "WasPrice": 2.25,
          "InstoreWasPrice": 2.25,
          "QuantityInTrolley": 0,
          "Unit": "Each",
          "MinimumQuantity": 1,
          "HasBeenBoughtBefore": false,
          "IsInTrolley": false,
          "Source": "Aisle.DairyEggsFridge",
          "SupplyLimit": 36,
          "IsRanged": false,
          "IsInStock": true,
          "PackageSize": "140g",
          "IsPmDelivery": true,
          "IsForCollection": true,
          "IsForDelivery": true,
          "IsForExpress": false,
          "ProductRestrictionMessage": null,
          "ProductWarningMessage": null,
          "CentreTag": {
            "TagContent": null,
            "TagLink": null,
            "FallbackText": null,
            "TagType": "None",
            "MultibuyData": null
          },
          "IsCentreTag": false,
          "ImageTag": {
            "TagContent": null,
            "TagLink": null,
            "FallbackText": "",
            "TagType": "None",
            "MultibuyData": null
          },
          "HeaderTag": null,
          "HasHeaderTag": false,
          "UnitWeightInGrams": 150,
          "SupplyLimitMessage": "'Chobani Limited Batch Pouch' has a supply limit of 36. The quantity in your cart has been reduced accordingly. To purchase a larger quantity, please contact us on 1800 000 610. Please note we do not supply trade orders.",
          "SmallFormatDescription": "Chobani Limited Batch Pouch ",
          "FullDescription": "Chobani Limited Batch Pouch ",
          "IsAvailable": true,
          "InstoreIsAvailable": true,
          "IsPurchasable": true,
          "InstoreIsPurchasable": true,
          "AgeRestricted": false,
          "DisplayQuantity": 1,
          "RichDescription": "<p>Chobani Peach Apricot Greek Yogurt with less than 0.5% fat. Authentic strained and contains no preservatives, artificial colours or flavours.<BR><BR>At Chobani we believe yogurt should be simple. <br /><br />We use just milk and cultures to make our yogurt, which we strain using a centuries-old authentic process to make it deliciously thick and high in protein. <br /><br />It takes 3 cups of milk to make 1 cup of Chobani Yogurt. </p>",
          "IsDeliveryPass": false,
          "HideWasSavedPrice": false,
          "SapCategories": null,
          "Brand": "chobani",
          "IsRestrictedByDeliveryMethod": false,
          "FooterTag": {
            "TagContent": null,
            "TagLink": null,
            "FallbackText": null,
            "TagType": "None",
            "MultibuyData": null
          },
          "IsFooterEnabled": true,
          "Diagnostics": "1642",
          "IsBundle": false,
          "IsInFamily": false,
          "ChildProducts": [],
          "UrlOverride": null,
          "AdditionalAttributes": {
            "sapdepartmentname": "FRESH CONVENIENCE",
            "sapdepartmentno": "10",
            "sapcategoryname": "DAIRY - YOGHURT",
            "sapcategoryno": "94",
            "sapsubcategoryname": "DAIRY - YOGHURT SINGLE SERVE",
            "sapsubcategoryno": "848",
            "sapsegmentname": "EVERYDAY POUCH",
            "sapsegmentno": "8",
            "specialsgroupid": null,
            "PiesProductDepartmentNodeId": "1_6E4F4E4",
            "PiesProductDepartmentsjson": "[{\"Id\":\"1_6E4F4E4\",\"Description\":\"Dairy, Eggs & Fridge\"}]",
            "piesdepartmentnamesjson": "[\"Dairy, Eggs & Fridge\"]",
            "piescategorynamesjson": "[\"Yoghurt\"]",
            "piessubcategorynamesjson": "[\"Flavoured Yoghurt\",\"Greek & Natural Yoghurt\"]",
            "servingsize-total-nip": null,
            "servingsperpack-total-nip": null,
            "microwaveable": "False",
            "ovencook": "False",
            "vegetarian": "False",
            "freezable": "False",
            "containsnuts": "False",
            "containsgluten": "False",
            "description": "<p>Chobani Peach Apricot Greek Yogurt with less than 0.5% fat. Authentic strained and contains no preservatives, artificial colours or flavours.<BR><BR>At Chobani we believe yogurt should be simple. <br /><br />We use just milk and cultures to make our yogurt, which we strain using a centuries-old authentic process to make it deliciously thick and high in protein. <br /><br />It takes 3 cups of milk to make 1 cup of Chobani Yogurt. </p>",
            "ingredients": "Low Fat Yogurt (83%) [Skim Milk, Live Yogurt Cultures]. Peach Apricot Blend (17%) [Peach Puree (17%), Apricot Puree (16%), Sugar, Water, Vegetable Gums (Fruit Pectin, Locust Bean Gum), Lemon Juice, Natural Flavour, Carrot Extract, Mineral Salt (Calcium Citrate)].",
            "nutritionalinformation": "{\"Name\":\"Nutritional Information\",\"Attributes\":[{\"Id\":705,\"Name\":\"Carbohydrate Quantity Per 100g - Total - NIP\",\"Value\":\"9.6g\",\"Description\":\"Carbohydrate Quantity Per 100g - Total - NIP\",\"SortOrder\":83},{\"Id\":706,\"Name\":\"Carbohydrate Quantity Per Serve - Total - NIP\",\"Value\":\"13.4g\",\"Description\":\"Carbohydrate Quantity Per Serve - Total - NIP\",\"SortOrder\":87},{\"Id\":759,\"Name\":\"Energy kJ Quantity Per 100g - Total - NIP\",\"Value\":\"310kJ\",\"Description\":\"Energy kJ Quantity Per 100g - Total - NIP\",\"SortOrder\":239},{\"Id\":760,\"Name\":\"Energy kJ Quantity Per Serve - Total - NIP\",\"Value\":\"434kJ\",\"Description\":\"Energy kJ Quantity Per Serve - Total - NIP\",\"SortOrder\":243},{\"Id\":253,\"Name\":\"Fat Saturated Quantity Per 100g - Total - NIP\",\"Value\":\"0.1g\",\"Description\":\"Fat Saturated Quantity Per 100g - Total - NIP\",\"SortOrder\":251},{\"Id\":258,\"Name\":\"Fat Saturated Quantity Per Serve - Total - NIP\",\"Value\":\"0.1g\",\"Description\":\"Fat Saturated Quantity Per Serve - Total - NIP\",\"SortOrder\":255},{\"Id\":764,\"Name\":\"Fat Total Quantity Per 100g - Total - NIP\",\"Value\":\"0.2g\",\"Description\":\"Fat Total Quantity Per 100g - Total - NIP\",\"SortOrder\":263},{\"Id\":264,\"Name\":\"Fat Total Quantity Per Serve - Total - NIP\",\"Value\":\"0.3g\",\"Description\":\"Fat Total Quantity Per Serve - Total - NIP\",\"SortOrder\":267},{\"Id\":878,\"Name\":\"Protein Quantity Per 100g - Total - NIP\",\"Value\":\"8.1g\",\"Description\":\"Protein Quantity Per 100g - Total - NIP\",\"SortOrder\":587},{\"Id\":882,\"Name\":\"Protein Quantity Per Serve - Total - NIP\",\"Value\":\"11.3g\",\"Description\":\"Protein Quantity Per Serve - Total - NIP\",\"SortOrder\":591},{\"Id\":477,\"Name\":\"Serving Size - Total - NIP\",\"Value\":\"140g\",\"Description\":\"Serving Size - Total - NIP\",\"SortOrder\":607},{\"Id\":544,\"Name\":\"Servings Per Pack - Total - NIP\",\"Value\":\"1\",\"Description\":\"Servings Per Pack - Total - NIP\",\"SortOrder\":611},{\"Id\":491,\"Name\":\"Sodium Quantity Per 100g - Total - NIP\",\"Value\":\"37mg\",\"Description\":\"Sodium Quantity Per 100g - Total - NIP\",\"SortOrder\":623},{\"Id\":495,\"Name\":\"Sodium Quantity Per Serve - Total - NIP\",\"Value\":\"51mg\",\"Description\":\"Sodium Quantity Per Serve - Total - NIP\",\"SortOrder\":627},{\"Id\":908,\"Name\":\"Sugars Quantity Per 100g - SuffixUnits - NIP\",\"Value\":\"g\",\"Description\":\"Sugars Quantity Per 100g - SuffixUnits - NIP\",\"SortOrder\":646},{\"Id\":909,\"Name\":\"Sugars Quantity Per 100g - Total - NIP\",\"Value\":\"8.7g\",\"Description\":\"Sugars Quantity Per 100g - Total - NIP\",\"SortOrder\":647},{\"Id\":910,\"Name\":\"Sugars Quantity Per 100g - ValueWord - NIP\",\"Value\":\"8.7\",\"Description\":\"Sugars Quantity Per 100g - ValueWord - NIP\",\"SortOrder\":648},{\"Id\":911,\"Name\":\"Sugars Quantity Per Serve - SuffixUnits - NIP\",\"Value\":\"g\",\"Description\":\"Sugars Quantity Per Serve - SuffixUnits - NIP\",\"SortOrder\":650},{\"Id\":912,\"Name\":\"Sugars Quantity Per Serve - Total - NIP\",\"Value\":\"12.2g\",\"Description\":\"Sugars Quantity Per Serve - Total - NIP\",\"SortOrder\":651},{\"Id\":572,\"Name\":\"Sugars Quantity Per Serve - ValueWord - NIP\",\"Value\":\"12.2\",\"Description\":\"Sugars Quantity Per Serve - ValueWord - NIP\",\"SortOrder\":652}]}",
            "storageinstructions": "Keep refrigerated at or below 4ºC.",
            "usageinstructions": null,
            "brand": "chobani",
            "manufacturer": null,
            "countryoforigin": null,
            "productheightmm": null,
            "productwidthmm": null,
            "productdepthmm": null,
            "wool_productpackaging": null,
            "recyclableinformation": null,
            "importantinformation": null,
            "allergencontains": "Milk",
            "allergenmaybepresent": null,
            "allergystatement": "Gluten Free",
            "lifestyleanddietarystatement": "Gluten Free",
            "lifestyleclaim": null,
            "wool_dietaryclaim": "Free from artificial colour. Free from artificial flavour. Free from preservatives",
            "boxedcontents": null,
            "suitablefor": null,
            "fragrance": null,
            "colour": null,
            "antioxidant": "False",
            "addedvitaminsandminerals": "False",
            "bpafree": "False",
            "sulfatefree": "False",
            "parabenfree": "False",
            "claims": null,
            "alcoholfree": null,
            "anti-dandruff": null,
            "dermatologicallyapproved": null,
            "dermatologistrecommended": null,
            "dermatologisttested": null,
            "fragrance-free": null,
            "haircolour": null,
            "hairtype": null,
            "hypo-allergenic": null,
            "non-comedogenic": null,
            "oilfree": null,
            "ophthalmologistapproved": null,
            "ophthalmologisttested": null,
            "paba-free": null,
            "skincondition": null,
            "skintype": null,
            "soap-free": null,
            "spf": null,
            "sweatresistant": null,
            "timer": null,
            "waterresistant": null,
            "phbalanced": null,
            "antiseptic": "False",
            "antibacterial": "False",
            "activeconstituents": null,
            "contains": null,
            "microwavesafe": "False",
            "productimagecount": "2",
            "friendlydisclaimer": null,
            "productimages": "687255.jpg,687255_2.jpg",
            "healthstarrating": "0",
            "tgawarnings": null,
            "vendorarticleid": null,
            "vendorcostprice": null,
            "tgawarning": null
          },
          "DetailsImagePaths": [
            "https://cdn0.woolworths.media/content/wowproductimages/large/687255.jpg",
            "https://cdn0.woolworths.media/content/wowproductimages/large/687255_2.jpg"
          ],
          "Variety": "",
          "Rating": {
            "ReviewCount": 0,
            "RatingCount": 0,
            "RatingSum": 0,
            "OneStarCount": 0,
            "TwoStarCount": 0,
            "ThreeStarCount": 0,
            "FourStarCount": 0,
            "FiveStarCount": 0,
            "Average": 0,
            "OneStarPercentage": 0,
            "TwoStarPercentage": 0,
            "ThreeStarPercentage": 0,
            "FourStarPercentage": 0,
            "FiveStarPercentage": 0
          },
          "HasProductSubs": false,
          "IsSponsoredAd": false,
          "AdID": null,
          "AdIndex": null,
          "ThirdPartyProductInfo": null,
          "MarketFeatures": null,
          "MarketSpecifications": null
        }
      ],
      "Name": "Chobani Limited Batch Pouch"
    },
    {
      "Products": [
        {
          "TileID": 0,
          "Stockcode": 706254,
          "Barcode": "9344962000045",
          "GtinFormat": 13,
          "CupPrice": 0.45,
          "InstoreCupPrice": 0.45,
          "CupMeasure": "100G",
          "CupString": "$0.45 / 100G",
          "InstoreCupString": "$0.45 / 100G",
          "HasCupPrice": true,
          "InstoreHasCupPrice": true,
          "Price": 2.25,
          "InstorePrice": 2.25,
          "Name": "Danone Activia Yoghurt Berries",
          "UrlFriendlyName": "danone-activia-yoghurt-berries",
          "Description": " Danone Activia Yoghurt<br>Berries 4 pack",
          "SmallImageFile": "https://cdn0.woolworths.media/content/wowproductimages/small/706254.jpg",
          "MediumImageFile": "https://cdn0.woolworths.media/content/wowproductimages/medium/706254.jpg",
          "LargeImageFile": "https://cdn0.woolworths.media/content/wowproductimages/large/706254.jpg",
          "IsNew": false,
          "IsOnSpecial": true,
          "InstoreIsOnSpecial": true,
          "IsEdrSpecial": false,
          "SavingsAmount": 2.25,
          "InstoreSavingsAmount": 2.25,
          "WasPrice": 4.5,
          "InstoreWasPrice": 4.5,
          "QuantityInTrolley": 0,
          "Unit": "Each",
          "MinimumQuantity": 1,
          "HasBeenBoughtBefore": false,
          "IsInTrolley": false,
          "Source": "Aisle.DairyEggsFridge",
          "SupplyLimit": 36,
          "IsRanged": false,
          "IsInStock": true,
          "PackageSize": "4 pack",
          "IsPmDelivery": true,
          "IsForCollection": true,
          "IsForDelivery": true,
          "IsForExpress": false,
          "ProductRestrictionMessage": null,
          "ProductWarningMessage": null,
          "CentreTag": {
            "TagContent": null,
            "TagLink": null,
            "FallbackText": null,
            "TagType": "None",
            "MultibuyData": null
          },
          "IsCentreTag": false,
          "ImageTag": {
            "TagContent": "/content/promotiontags/roundel-half-price-200x200.png",
            "TagLink": "",
            "FallbackText": "Half Price",
            "TagType": "None",
            "MultibuyData": null
          },
          "HeaderTag": {
            "BackgroundColor": "#fd0",
            "BorderColor": "#fd0",
            "TextColor": "#000",
            "Content": "Save $2.25",
            "TagLink": null,
            "Promotion": "Special"
          },
          "HasHeaderTag": true,
          "UnitWeightInGrams": 536,
          "SupplyLimitMessage": "'Danone Activia Yoghurt Berries' has a supply limit of 36. The quantity in your cart has been reduced accordingly. To purchase a larger quantity, please contact us on 1800 000 610. Please note we do not supply trade orders.",
          "SmallFormatDescription": "Danone Activia Yoghurt Berries",
          "FullDescription": "Danone Activia Yoghurt Berries",
          "IsAvailable": true,
          "InstoreIsAvailable": true,
          "IsPurchasable": true,
          "InstoreIsPurchasable": true,
          "AgeRestricted": false,
          "DisplayQuantity": 1,
          "RichDescription": "<p>At the forefront of research and innovation, Danone has developed Activia to help improve your digestive comfort*. Only Activia contains exclusive probiotics, Bifidus ActiRegularis, scientifically proven to survive through your stomach and reach the intestines alive.* By consuming 2 pots of Activia 125g/day during 4 weeks & maintaining a balanced diet and healthy lifestyle.New recipe - no added sugar Activia offers you a delicious yoghurt with no added sugar and no artificial sweeteners, keeping its original creaminess and great taste.</p>",
          "IsDeliveryPass": false,
          "HideWasSavedPrice": false,
          "SapCategories": null,
          "Brand": "danone",
          "IsRestrictedByDeliveryMethod": false,
          "FooterTag": {
            "TagContent": null,
            "TagLink": null,
            "FallbackText": null,
            "TagType": "None",
            "MultibuyData": null
          },
          "IsFooterEnabled": true,
          "Diagnostics": "1643",
          "IsBundle": false,
          "IsInFamily": false,
          "ChildProducts": [],
          "UrlOverride": null,
          "AdditionalAttributes": {
            "sapdepartmentname": "FRESH CONVENIENCE",
            "sapdepartmentno": "10",
            "sapcategoryname": "DAIRY - YOGHURT",
            "sapcategoryno": "94",
            "sapsubcategoryname": "DAIRY - YOGHURT MULTI SERVE",
            "sapsubcategoryno": "877",
            "sapsegmentname": "PROBIOTIC MULTIPACK",
            "sapsegmentno": "6",
            "specialsgroupid": "3658",
            "PiesProductDepartmentNodeId": "1_6E4F4E4",
            "PiesProductDepartmentsjson": "[{\"Id\":\"1_6E4F4E4\",\"Description\":\"Dairy, Eggs & Fridge\"}]",
            "piesdepartmentnamesjson": "[\"Dairy, Eggs & Fridge\"]",
            "piescategorynamesjson": "[\"Yoghurt\"]",
            "piessubcategorynamesjson": "[\"Flavoured Yoghurt\"]",
            "servingsize-total-nip": null,
            "servingsperpack-total-nip": null,
            "microwaveable": "False",
            "ovencook": "False",
            "vegetarian": "False",
            "freezable": "False",
            "containsnuts": "False",
            "containsgluten": "False",
            "description": "<p>At the forefront of research and innovation, Danone has developed Activia to help improve your digestive comfort*. Only Activia contains exclusive probiotics, Bifidus ActiRegularis, scientifically proven to survive through your stomach and reach the intestines alive.* By consuming 2 pots of Activia 125g/day during 4 weeks & maintaining a balanced diet and healthy lifestyle.New recipe - no added sugar Activia offers you a delicious yoghurt with no added sugar and no artificial sweeteners, keeping its original creaminess and great taste.</p>",
            "ingredients": "Whole Milk, Fruit 7.4% (Blackberry, Strawberry, Blueberry, Raspberry), Milk Solids, Thickener (1442), Flavour, Stabilisers (Pectin, Locust Bean Gum), Natural Flavour, Live Lactic Acid Cultures (Bifidobacterium Animalis Subspecies Lactis CNCM I-2494, Streptococcus Thermophilus, Lactococcus Lactis and Lactobacillus Bulgaricus), Lactase, Black Carrot and Blackcurrant Concentrate, Calcium Chloride, Stevia Leaf Extract, Sea Salt",
            "nutritionalinformation": "{\"Name\":\"Nutritional Information\",\"Attributes\":[{\"Id\":705,\"Name\":\"Carbohydrate Quantity Per 100g - Total - NIP\",\"Value\":null,\"Description\":\"Carbohydrate Quantity Per 100g - Total - NIP\",\"SortOrder\":83},{\"Id\":706,\"Name\":\"Carbohydrate Quantity Per Serve - Total - NIP\",\"Value\":null,\"Description\":\"Carbohydrate Quantity Per Serve - Total - NIP\",\"SortOrder\":87},{\"Id\":759,\"Name\":\"Energy kJ Quantity Per 100g - Total - NIP\",\"Value\":null,\"Description\":\"Energy kJ Quantity Per 100g - Total - NIP\",\"SortOrder\":239},{\"Id\":760,\"Name\":\"Energy kJ Quantity Per Serve - Total - NIP\",\"Value\":null,\"Description\":\"Energy kJ Quantity Per Serve - Total - NIP\",\"SortOrder\":243},{\"Id\":253,\"Name\":\"Fat Saturated Quantity Per 100g - Total - NIP\",\"Value\":null,\"Description\":\"Fat Saturated Quantity Per 100g - Total - NIP\",\"SortOrder\":251},{\"Id\":258,\"Name\":\"Fat Saturated Quantity Per Serve - Total - NIP\",\"Value\":null,\"Description\":\"Fat Saturated Quantity Per Serve - Total - NIP\",\"SortOrder\":255},{\"Id\":764,\"Name\":\"Fat Total Quantity Per 100g - Total - NIP\",\"Value\":null,\"Description\":\"Fat Total Quantity Per 100g - Total - NIP\",\"SortOrder\":263},{\"Id\":264,\"Name\":\"Fat Total Quantity Per Serve - Total - NIP\",\"Value\":null,\"Description\":\"Fat Total Quantity Per Serve - Total - NIP\",\"SortOrder\":267},{\"Id\":878,\"Name\":\"Protein Quantity Per 100g - Total - NIP\",\"Value\":null,\"Description\":\"Protein Quantity Per 100g - Total - NIP\",\"SortOrder\":587},{\"Id\":882,\"Name\":\"Protein Quantity Per Serve - Total - NIP\",\"Value\":null,\"Description\":\"Protein Quantity Per Serve - Total - NIP\",\"SortOrder\":591},{\"Id\":477,\"Name\":\"Serving Size - Total - NIP\",\"Value\":null,\"Description\":\"Serving Size - Total - NIP\",\"SortOrder\":607},{\"Id\":544,\"Name\":\"Servings Per Pack - Total - NIP\",\"Value\":\"1\",\"Description\":\"Servings Per Pack - Total - NIP\",\"SortOrder\":611},{\"Id\":491,\"Name\":\"Sodium Quantity Per 100g - Total - NIP\",\"Value\":null,\"Description\":\"Sodium Quantity Per 100g - Total - NIP\",\"SortOrder\":623},{\"Id\":495,\"Name\":\"Sodium Quantity Per Serve - Total - NIP\",\"Value\":null,\"Description\":\"Sodium Quantity Per Serve - Total - NIP\",\"SortOrder\":627},{\"Id\":907,\"Name\":\"Sugars Quantity Per 100g - Prefix - NIP\",\"Value\":null,\"Description\":\"Sugars Quantity Per 100g - Prefix - NIP\",\"SortOrder\":645},{\"Id\":908,\"Name\":\"Sugars Quantity Per 100g - SuffixUnits - NIP\",\"Value\":null,\"Description\":\"Sugars Quantity Per 100g - SuffixUnits - NIP\",\"SortOrder\":646},{\"Id\":909,\"Name\":\"Sugars Quantity Per 100g - Total - NIP\",\"Value\":null,\"Description\":\"Sugars Quantity Per 100g - Total - NIP\",\"SortOrder\":647},{\"Id\":910,\"Name\":\"Sugars Quantity Per 100g - ValueWord - NIP\",\"Value\":null,\"Description\":\"Sugars Quantity Per 100g - ValueWord - NIP\",\"SortOrder\":648},{\"Id\":504,\"Name\":\"Sugars Quantity Per Serve - Prefix - NIP\",\"Value\":null,\"Description\":\"Sugars Quantity Per Serve - Prefix - NIP\",\"SortOrder\":649},{\"Id\":911,\"Name\":\"Sugars Quantity Per Serve - SuffixUnits - NIP\",\"Value\":null,\"Description\":\"Sugars Quantity Per Serve - SuffixUnits - NIP\",\"SortOrder\":650},{\"Id\":912,\"Name\":\"Sugars Quantity Per Serve - Total - NIP\",\"Value\":null,\"Description\":\"Sugars Quantity Per Serve - Total - NIP\",\"SortOrder\":651},{\"Id\":572,\"Name\":\"Sugars Quantity Per Serve - ValueWord - NIP\",\"Value\":null,\"Description\":\"Sugars Quantity Per Serve - ValueWord - NIP\",\"SortOrder\":652}]}",
            "storageinstructions": "Keep Refrigerated",
            "usageinstructions": null,
            "brand": "danone",
            "manufacturer": null,
            "countryoforigin": null,
            "productheightmm": null,
            "productwidthmm": null,
            "productdepthmm": null,
            "wool_productpackaging": null,
            "recyclableinformation": null,
            "importantinformation": null,
            "allergencontains": "Milk",
            "allergenmaybepresent": null,
            "allergystatement": "No Artificial Colours or Flavours",
            "lifestyleanddietarystatement": "Vegetarian",
            "lifestyleclaim": null,
            "wool_dietaryclaim": "Free from artificial preservatives. Free from artificial sweeteners. No added sugars. Free from artificial colour",
            "boxedcontents": null,
            "suitablefor": null,
            "fragrance": null,
            "colour": null,
            "antioxidant": "False",
            "addedvitaminsandminerals": "False",
            "bpafree": "False",
            "sulfatefree": "False",
            "parabenfree": "False",
            "claims": null,
            "alcoholfree": null,
            "anti-dandruff": null,
            "dermatologicallyapproved": null,
            "dermatologistrecommended": null,
            "dermatologisttested": null,
            "fragrance-free": null,
            "haircolour": null,
            "hairtype": null,
            "hypo-allergenic": null,
            "non-comedogenic": null,
            "oilfree": null,
            "ophthalmologistapproved": null,
            "ophthalmologisttested": null,
            "paba-free": null,
            "skincondition": null,
            "skintype": null,
            "soap-free": null,
            "spf": null,
            "sweatresistant": null,
            "timer": null,
            "waterresistant": null,
            "phbalanced": null,
            "antiseptic": "False",
            "antibacterial": "False",
            "activeconstituents": null,
            "contains": null,
            "microwavesafe": "False",
            "productimagecount": "1",
            "friendlydisclaimer": null,
            "productimages": "706254.jpg",
            "healthstarrating": "0",
            "tgawarnings": null,
            "vendorarticleid": null,
            "vendorcostprice": null,
            "tgawarning": null
          },
          "DetailsImagePaths": [
            "https://cdn0.woolworths.media/content/wowproductimages/large/706254.jpg"
          ],
          "Variety": "berries",
          "Rating": {
            "ReviewCount": 0,
            "RatingCount": 0,
            "RatingSum": 0,
            "OneStarCount": 0,
            "TwoStarCount": 0,
            "ThreeStarCount": 0,
            "FourStarCount": 0,
            "FiveStarCount": 0,
            "Average": 0,
            "OneStarPercentage": 0,
            "TwoStarPercentage": 0,
            "ThreeStarPercentage": 0,
            "FourStarPercentage": 0,
            "FiveStarPercentage": 0
          },
          "HasProductSubs": false,
          "IsSponsoredAd": false,
          "AdID": null,
          "AdIndex": null,
          "ThirdPartyProductInfo": null,
          "MarketFeatures": null,
          "MarketSpecifications": null
        }
      ],
      "Name": "Danone Activia Yoghurt Berries"
    },
    {
      "Products": [
        {
          "TileID": 0,
          "Stockcode": 706265,
          "Barcode": "9344962000069",
          "GtinFormat": 13,
          "CupPrice": 0.45,
          "InstoreCupPrice": 0.45,
          "CupMeasure": "100G",
          "CupString": "$0.45 / 100G",
          "InstoreCupString": "$0.45 / 100G",
          "HasCupPrice": true,
          "InstoreHasCupPrice": true,
          "Price": 2.25,
          "InstorePrice": 2.25,
          "Name": "Danone Activia Yoghurt Vanilla",
          "UrlFriendlyName": "danone-activia-yoghurt-vanilla",
          "Description": " Danone Activia Yoghurt<br>Vanilla 4x125g",
          "SmallImageFile": "https://cdn0.woolworths.media/content/wowproductimages/small/706265.jpg",
          "MediumImageFile": "https://cdn0.woolworths.media/content/wowproductimages/medium/706265.jpg",
          "LargeImageFile": "https://cdn0.woolworths.media/content/wowproductimages/large/706265.jpg",
          "IsNew": false,
          "IsOnSpecial": true,
          "InstoreIsOnSpecial": true,
          "IsEdrSpecial": false,
          "SavingsAmount": 2.25,
          "InstoreSavingsAmount": 2.25,
          "WasPrice": 4.5,
          "InstoreWasPrice": 4.5,
          "QuantityInTrolley": 0,
          "Unit": "Each",
          "MinimumQuantity": 1,
          "HasBeenBoughtBefore": false,
          "IsInTrolley": false,
          "Source": "Aisle.DairyEggsFridge",
          "SupplyLimit": 36,
          "IsRanged": false,
          "IsInStock": true,
          "PackageSize": "4x125g",
          "IsPmDelivery": true,
          "IsForCollection": true,
          "IsForDelivery": true,
          "IsForExpress": false,
          "ProductRestrictionMessage": null,
          "ProductWarningMessage": null,
          "CentreTag": {
            "TagContent": null,
            "TagLink": null,
            "FallbackText": null,
            "TagType": "None",
            "MultibuyData": null
          },
          "IsCentreTag": false,
          "ImageTag": {
            "TagContent": "/content/promotiontags/roundel-half-price-200x200.png",
            "TagLink": "",
            "FallbackText": "Half Price",
            "TagType": "None",
            "MultibuyData": null
          },
          "HeaderTag": {
            "BackgroundColor": "#fd0",
            "BorderColor": "#fd0",
            "TextColor": "#000",
            "Content": "Save $2.25",
            "TagLink": null,
            "Promotion": "Special"
          },
          "HasHeaderTag": true,
          "UnitWeightInGrams": 536,
          "SupplyLimitMessage": "'Danone Activia Yoghurt Vanilla' has a supply limit of 36. The quantity in your cart has been reduced accordingly. To purchase a larger quantity, please contact us on 1800 000 610. Please note we do not supply trade orders.",
          "SmallFormatDescription": "Danone Activia Yoghurt Vanilla",
          "FullDescription": "Danone Activia Yoghurt Vanilla",
          "IsAvailable": true,
          "InstoreIsAvailable": true,
          "IsPurchasable": true,
          "InstoreIsPurchasable": true,
          "AgeRestricted": false,
          "DisplayQuantity": 1,
          "RichDescription": "At the forefront of research and innovation, Danone has developed Activia® to help improve your digestive comfort*. Only Activia® contains exclusive probiotics, Bifidus ActiRegularis®, scientifically proven to survive through your stomach and reach the intestines alive.\n* By consuming 2 pots of Activia 125g/day during 4 weeks & maintaining a balanced diet and healthy lifestyle.\n\nNew recipe - no added sugar\nActivia® offers you a delicious yoghurt with no added sugar and no artificial sweeteners, keeping its original creaminess and great taste.",
          "IsDeliveryPass": false,
          "HideWasSavedPrice": false,
          "SapCategories": null,
          "Brand": "danone",
          "IsRestrictedByDeliveryMethod": false,
          "FooterTag": {
            "TagContent": null,
            "TagLink": null,
            "FallbackText": null,
            "TagType": "None",
            "MultibuyData": null
          },
          "IsFooterEnabled": true,
          "Diagnostics": "1644",
          "IsBundle": false,
          "IsInFamily": false,
          "ChildProducts": [],
          "UrlOverride": null,
          "AdditionalAttributes": {
            "sapdepartmentname": "FRESH CONVENIENCE",
            "sapdepartmentno": "10",
            "sapcategoryname": "DAIRY - YOGHURT",
            "sapcategoryno": "94",
            "sapsubcategoryname": "DAIRY - YOGHURT MULTI SERVE",
            "sapsubcategoryno": "877",
            "sapsegmentname": "PROBIOTIC MULTIPACK",
            "sapsegmentno": "6",
            "specialsgroupid": "3658",
            "PiesProductDepartmentNodeId": "1_6E4F4E4",
            "PiesProductDepartmentsjson": "[{\"Id\":\"1_6E4F4E4\",\"Description\":\"Dairy, Eggs & Fridge\"}]",
            "piesdepartmentnamesjson": "[\"Dairy, Eggs & Fridge\"]",
            "piescategorynamesjson": "[\"Yoghurt\"]",
            "piessubcategorynamesjson": "[\"Flavoured Yoghurt\",\"Low & No Fat Yoghurt\"]",
            "servingsize-total-nip": null,
            "servingsperpack-total-nip": null,
            "microwaveable": "False",
            "ovencook": "False",
            "vegetarian": "False",
            "freezable": "False",
            "containsnuts": "False",
            "containsgluten": "False",
            "description": "At the forefront of research and innovation, Danone has developed Activia® to help improve your digestive comfort*. Only Activia® contains exclusive probiotics, Bifidus ActiRegularis®, scientifically proven to survive through your stomach and reach the intestines alive.\n* By consuming 2 pots of Activia 125g/day during 4 weeks & maintaining a balanced diet and healthy lifestyle.\n\nNew recipe - no added sugar\nActivia® offers you a delicious yoghurt with no added sugar and no artificial sweeteners, keeping its original creaminess and great taste.",
            "ingredients": "Whole Milk, Water, Milk Solids, Thickener (1442), Lemon Pulp, Live Lactic Acid Cultures (Bifidobacterium Animalis Subspecies Lactis CNCM I-2494, Streptococcus Thermophilus, Lactococcus Lactis and Lactobacillus Bulgaricus), Natural Flavours, Lactase, Locust Bean Gum, Vanilla Bean (0.013%), Stevia Leaf Extract, Sea Salt, Natural Colour (Carotene)",
            "nutritionalinformation": "{\"Name\":\"Nutritional Information\",\"Attributes\":[{\"Id\":705,\"Name\":\"Carbohydrate Quantity Per 100g - Total - NIP\",\"Value\":null,\"Description\":\"Carbohydrate Quantity Per 100g - Total - NIP\",\"SortOrder\":83},{\"Id\":706,\"Name\":\"Carbohydrate Quantity Per Serve - Total - NIP\",\"Value\":null,\"Description\":\"Carbohydrate Quantity Per Serve - Total - NIP\",\"SortOrder\":87},{\"Id\":759,\"Name\":\"Energy kJ Quantity Per 100g - Total - NIP\",\"Value\":null,\"Description\":\"Energy kJ Quantity Per 100g - Total - NIP\",\"SortOrder\":239},{\"Id\":760,\"Name\":\"Energy kJ Quantity Per Serve - Total - NIP\",\"Value\":null,\"Description\":\"Energy kJ Quantity Per Serve - Total - NIP\",\"SortOrder\":243},{\"Id\":253,\"Name\":\"Fat Saturated Quantity Per 100g - Total - NIP\",\"Value\":null,\"Description\":\"Fat Saturated Quantity Per 100g - Total - NIP\",\"SortOrder\":251},{\"Id\":258,\"Name\":\"Fat Saturated Quantity Per Serve - Total - NIP\",\"Value\":null,\"Description\":\"Fat Saturated Quantity Per Serve - Total - NIP\",\"SortOrder\":255},{\"Id\":764,\"Name\":\"Fat Total Quantity Per 100g - Total - NIP\",\"Value\":null,\"Description\":\"Fat Total Quantity Per 100g - Total - NIP\",\"SortOrder\":263},{\"Id\":264,\"Name\":\"Fat Total Quantity Per Serve - Total - NIP\",\"Value\":null,\"Description\":\"Fat Total Quantity Per Serve - Total - NIP\",\"SortOrder\":267},{\"Id\":878,\"Name\":\"Protein Quantity Per 100g - Total - NIP\",\"Value\":null,\"Description\":\"Protein Quantity Per 100g - Total - NIP\",\"SortOrder\":587},{\"Id\":882,\"Name\":\"Protein Quantity Per Serve - Total - NIP\",\"Value\":null,\"Description\":\"Protein Quantity Per Serve - Total - NIP\",\"SortOrder\":591},{\"Id\":477,\"Name\":\"Serving Size - Total - NIP\",\"Value\":null,\"Description\":\"Serving Size - Total - NIP\",\"SortOrder\":607},{\"Id\":544,\"Name\":\"Servings Per Pack - Total - NIP\",\"Value\":\"1\",\"Description\":\"Servings Per Pack - Total - NIP\",\"SortOrder\":611},{\"Id\":491,\"Name\":\"Sodium Quantity Per 100g - Total - NIP\",\"Value\":null,\"Description\":\"Sodium Quantity Per 100g - Total - NIP\",\"SortOrder\":623},{\"Id\":495,\"Name\":\"Sodium Quantity Per Serve - Total - NIP\",\"Value\":null,\"Description\":\"Sodium Quantity Per Serve - Total - NIP\",\"SortOrder\":627},{\"Id\":907,\"Name\":\"Sugars Quantity Per 100g - Prefix - NIP\",\"Value\":null,\"Description\":\"Sugars Quantity Per 100g - Prefix - NIP\",\"SortOrder\":645},{\"Id\":908,\"Name\":\"Sugars Quantity Per 100g - SuffixUnits - NIP\",\"Value\":null,\"Description\":\"Sugars Quantity Per 100g - SuffixUnits - NIP\",\"SortOrder\":646},{\"Id\":909,\"Name\":\"Sugars Quantity Per 100g - Total - NIP\",\"Value\":null,\"Description\":\"Sugars Quantity Per 100g - Total - NIP\",\"SortOrder\":647},{\"Id\":910,\"Name\":\"Sugars Quantity Per 100g - ValueWord - NIP\",\"Value\":null,\"Description\":\"Sugars Quantity Per 100g - ValueWord - NIP\",\"SortOrder\":648},{\"Id\":504,\"Name\":\"Sugars Quantity Per Serve - Prefix - NIP\",\"Value\":null,\"Description\":\"Sugars Quantity Per Serve - Prefix - NIP\",\"SortOrder\":649},{\"Id\":911,\"Name\":\"Sugars Quantity Per Serve - SuffixUnits - NIP\",\"Value\":null,\"Description\":\"Sugars Quantity Per Serve - SuffixUnits - NIP\",\"SortOrder\":650},{\"Id\":912,\"Name\":\"Sugars Quantity Per Serve - Total - NIP\",\"Value\":null,\"Description\":\"Sugars Quantity Per Serve - Total - NIP\",\"SortOrder\":651},{\"Id\":572,\"Name\":\"Sugars Quantity Per Serve - ValueWord - NIP\",\"Value\":null,\"Description\":\"Sugars Quantity Per Serve - ValueWord - NIP\",\"SortOrder\":652}]}",
            "storageinstructions": "Keep Refrigerated",
            "usageinstructions": null,
            "brand": "danone",
            "manufacturer": null,
            "countryoforigin": null,
            "productheightmm": null,
            "productwidthmm": null,
            "productdepthmm": null,
            "wool_productpackaging": null,
            "recyclableinformation": null,
            "importantinformation": null,
            "allergencontains": "Milk",
            "allergenmaybepresent": null,
            "allergystatement": "No Artificial Colours or Flavours",
            "lifestyleanddietarystatement": "Source of Calcium",
            "lifestyleclaim": null,
            "wool_dietaryclaim": "Free From Artificial Colour\rFree From Artificial Preservatives\rFree From Artificial Sweeteners\rNo Added Sugars",
            "boxedcontents": null,
            "suitablefor": null,
            "fragrance": null,
            "colour": null,
            "antioxidant": "False",
            "addedvitaminsandminerals": "False",
            "bpafree": "False",
            "sulfatefree": "False",
            "parabenfree": "False",
            "claims": null,
            "alcoholfree": null,
            "anti-dandruff": null,
            "dermatologicallyapproved": null,
            "dermatologistrecommended": null,
            "dermatologisttested": null,
            "fragrance-free": null,
            "haircolour": null,
            "hairtype": null,
            "hypo-allergenic": null,
            "non-comedogenic": null,
            "oilfree": null,
            "ophthalmologistapproved": null,
            "ophthalmologisttested": null,
            "paba-free": null,
            "skincondition": null,
            "skintype": null,
            "soap-free": null,
            "spf": null,
            "sweatresistant": null,
            "timer": null,
            "waterresistant": null,
            "phbalanced": null,
            "antiseptic": "False",
            "antibacterial": "False",
            "activeconstituents": null,
            "contains": null,
            "microwavesafe": "False",
            "productimagecount": "1",
            "friendlydisclaimer": null,
            "productimages": "706265.jpg",
            "healthstarrating": "0",
            "tgawarnings": null,
            "vendorarticleid": null,
            "vendorcostprice": null,
            "tgawarning": null
          },
          "DetailsImagePaths": [
            "https://cdn0.woolworths.media/content/wowproductimages/large/706265.jpg"
          ],
          "Variety": "vanilla",
          "Rating": {
            "ReviewCount": 0,
            "RatingCount": 0,
            "RatingSum": 0,
            "OneStarCount": 0,
            "TwoStarCount": 0,
            "ThreeStarCount": 0,
            "FourStarCount": 0,
            "FiveStarCount": 0,
            "Average": 0,
            "OneStarPercentage": 0,
            "TwoStarPercentage": 0,
            "ThreeStarPercentage": 0,
            "FourStarPercentage": 0,
            "FiveStarPercentage": 0
          },
          "HasProductSubs": false,
          "IsSponsoredAd": false,
          "AdID": null,
          "AdIndex": null,
          "ThirdPartyProductInfo": null,
          "MarketFeatures": null,
          "MarketSpecifications": null
        }
      ],
      "Name": "Danone Activia Yoghurt Vanilla"
    },
    {
      "Products": [
        {
          "TileID": 0,
          "Stockcode": 706267,
          "Barcode": "9344962000236",
          "GtinFormat": 13,
          "CupPrice": 0.45,
          "InstoreCupPrice": 0.45,
          "CupMeasure": "100G",
          "CupString": "$0.45 / 100G",
          "InstoreCupString": "$0.45 / 100G",
          "HasCupPrice": true,
          "InstoreHasCupPrice": true,
          "Price": 2.25,
          "InstorePrice": 2.25,
          "Name": "Danone Activia Yoghurt Mango",
          "UrlFriendlyName": "danone-activia-yoghurt-mango",
          "Description": " Danone Activia Yoghurt Mango 4x125g",
          "SmallImageFile": "https://cdn0.woolworths.media/content/wowproductimages/small/706267.jpg",
          "MediumImageFile": "https://cdn0.woolworths.media/content/wowproductimages/medium/706267.jpg",
          "LargeImageFile": "https://cdn0.woolworths.media/content/wowproductimages/large/706267.jpg",
          "IsNew": false,
          "IsOnSpecial": true,
          "InstoreIsOnSpecial": true,
          "IsEdrSpecial": false,
          "SavingsAmount": 2.25,
          "InstoreSavingsAmount": 2.25,
          "WasPrice": 4.5,
          "InstoreWasPrice": 4.5,
          "QuantityInTrolley": 0,
          "Unit": "Each",
          "MinimumQuantity": 1,
          "HasBeenBoughtBefore": false,
          "IsInTrolley": false,
          "Source": "Aisle.DairyEggsFridge",
          "SupplyLimit": 36,
          "IsRanged": false,
          "IsInStock": true,
          "PackageSize": "4x125g",
          "IsPmDelivery": true,
          "IsForCollection": true,
          "IsForDelivery": true,
          "IsForExpress": false,
          "ProductRestrictionMessage": null,
          "ProductWarningMessage": null,
          "CentreTag": {
            "TagContent": null,
            "TagLink": null,
            "FallbackText": null,
            "TagType": "None",
            "MultibuyData": null
          },
          "IsCentreTag": false,
          "ImageTag": {
            "TagContent": "/content/promotiontags/roundel-half-price-200x200.png",
            "TagLink": "",
            "FallbackText": "Half Price",
            "TagType": "None",
            "MultibuyData": null
          },
          "HeaderTag": {
            "BackgroundColor": "#fd0",
            "BorderColor": "#fd0",
            "TextColor": "#000",
            "Content": "Save $2.25",
            "TagLink": null,
            "Promotion": "Special"
          },
          "HasHeaderTag": true,
          "UnitWeightInGrams": 536,
          "SupplyLimitMessage": "'Danone Activia Yoghurt Mango' has a supply limit of 36. The quantity in your cart has been reduced accordingly. To purchase a larger quantity, please contact us on 1800 000 610. Please note we do not supply trade orders.",
          "SmallFormatDescription": "Danone Activia Yoghurt Mango",
          "FullDescription": "Danone Activia Yoghurt Mango",
          "IsAvailable": true,
          "InstoreIsAvailable": true,
          "IsPurchasable": true,
          "InstoreIsPurchasable": true,
          "AgeRestricted": false,
          "DisplayQuantity": 1,
          "RichDescription": "<p>At the forefront of research and innovation, Danone has developed Activia® to help improve your digestive comfort*. Only Activia® contains exclusive probiotics, Bifidus ActiRegularis®, scientifically proven to survive through your stomach and reach the intestines alive.* By consuming 2 pots of Activia 125g/day during 4 weeks & maintaining a balanced diet and healthy lifestyle. New recipe - no added sugar Activia® offers you a delicious yoghurt with no added sugar and no artificial sweeteners, keeping its original creaminess and great taste.</p>",
          "IsDeliveryPass": false,
          "HideWasSavedPrice": false,
          "SapCategories": null,
          "Brand": "danone",
          "IsRestrictedByDeliveryMethod": false,
          "FooterTag": {
            "TagContent": null,
            "TagLink": null,
            "FallbackText": null,
            "TagType": "None",
            "MultibuyData": null
          },
          "IsFooterEnabled": true,
          "Diagnostics": "1645",
          "IsBundle": false,
          "IsInFamily": false,
          "ChildProducts": [],
          "UrlOverride": null,
          "AdditionalAttributes": {
            "sapdepartmentname": "FRESH CONVENIENCE",
            "sapdepartmentno": "10",
            "sapcategoryname": "DAIRY - YOGHURT",
            "sapcategoryno": "94",
            "sapsubcategoryname": "DAIRY - YOGHURT MULTI SERVE",
            "sapsubcategoryno": "877",
            "sapsegmentname": "PROBIOTIC MULTIPACK",
            "sapsegmentno": "6",
            "specialsgroupid": "3658",
            "PiesProductDepartmentNodeId": "1_6E4F4E4",
            "PiesProductDepartmentsjson": "[{\"Id\":\"1_6E4F4E4\",\"Description\":\"Dairy, Eggs & Fridge\"}]",
            "piesdepartmentnamesjson": "[\"Dairy, Eggs & Fridge\"]",
            "piescategorynamesjson": "[\"Yoghurt\"]",
            "piessubcategorynamesjson": "[\"Low & No Fat Yoghurt\",\"Flavoured Yoghurt\"]",
            "servingsize-total-nip": null,
            "servingsperpack-total-nip": null,
            "microwaveable": "False",
            "ovencook": "False",
            "vegetarian": "False",
            "freezable": "False",
            "containsnuts": "False",
            "containsgluten": "False",
            "description": "<p>At the forefront of research and innovation, Danone has developed Activia® to help improve your digestive comfort*. Only Activia® contains exclusive probiotics, Bifidus ActiRegularis®, scientifically proven to survive through your stomach and reach the intestines alive.* By consuming 2 pots of Activia 125g/day during 4 weeks & maintaining a balanced diet and healthy lifestyle. New recipe - no added sugar Activia® offers you a delicious yoghurt with no added sugar and no artificial sweeteners, keeping its original creaminess and great taste.</p>",
            "ingredients": "Whole Milk, Fruit 8.2% (Mango Diced, Mango Puree, Lemon Pulp), Milk Solids, Thickener (1442), Pectin, Live Lactic Acid Cultures (Bifidobacterium Animalis Subspecies Lactis CNCM I-2494, Streptococcus Thermophilus, Lactococcus Lactis and Lactobacillus Bulgaricus), Lactase, Natural Flavour, Stevia Leaf Extract, Sea Salt, Paprika Extract",
            "nutritionalinformation": "{\"Name\":\"Nutritional Information\",\"Attributes\":[{\"Id\":705,\"Name\":\"Carbohydrate Quantity Per 100g - Total - NIP\",\"Value\":null,\"Description\":\"Carbohydrate Quantity Per 100g - Total - NIP\",\"SortOrder\":83},{\"Id\":706,\"Name\":\"Carbohydrate Quantity Per Serve - Total - NIP\",\"Value\":null,\"Description\":\"Carbohydrate Quantity Per Serve - Total - NIP\",\"SortOrder\":87},{\"Id\":759,\"Name\":\"Energy kJ Quantity Per 100g - Total - NIP\",\"Value\":null,\"Description\":\"Energy kJ Quantity Per 100g - Total - NIP\",\"SortOrder\":239},{\"Id\":760,\"Name\":\"Energy kJ Quantity Per Serve - Total - NIP\",\"Value\":null,\"Description\":\"Energy kJ Quantity Per Serve - Total - NIP\",\"SortOrder\":243},{\"Id\":253,\"Name\":\"Fat Saturated Quantity Per 100g - Total - NIP\",\"Value\":null,\"Description\":\"Fat Saturated Quantity Per 100g - Total - NIP\",\"SortOrder\":251},{\"Id\":258,\"Name\":\"Fat Saturated Quantity Per Serve - Total - NIP\",\"Value\":null,\"Description\":\"Fat Saturated Quantity Per Serve - Total - NIP\",\"SortOrder\":255},{\"Id\":764,\"Name\":\"Fat Total Quantity Per 100g - Total - NIP\",\"Value\":null,\"Description\":\"Fat Total Quantity Per 100g - Total - NIP\",\"SortOrder\":263},{\"Id\":264,\"Name\":\"Fat Total Quantity Per Serve - Total - NIP\",\"Value\":null,\"Description\":\"Fat Total Quantity Per Serve - Total - NIP\",\"SortOrder\":267},{\"Id\":878,\"Name\":\"Protein Quantity Per 100g - Total - NIP\",\"Value\":null,\"Description\":\"Protein Quantity Per 100g - Total - NIP\",\"SortOrder\":587},{\"Id\":882,\"Name\":\"Protein Quantity Per Serve - Total - NIP\",\"Value\":null,\"Description\":\"Protein Quantity Per Serve - Total - NIP\",\"SortOrder\":591},{\"Id\":477,\"Name\":\"Serving Size - Total - NIP\",\"Value\":null,\"Description\":\"Serving Size - Total - NIP\",\"SortOrder\":607},{\"Id\":544,\"Name\":\"Servings Per Pack - Total - NIP\",\"Value\":\"1\",\"Description\":\"Servings Per Pack - Total - NIP\",\"SortOrder\":611},{\"Id\":491,\"Name\":\"Sodium Quantity Per 100g - Total - NIP\",\"Value\":null,\"Description\":\"Sodium Quantity Per 100g - Total - NIP\",\"SortOrder\":623},{\"Id\":495,\"Name\":\"Sodium Quantity Per Serve - Total - NIP\",\"Value\":null,\"Description\":\"Sodium Quantity Per Serve - Total - NIP\",\"SortOrder\":627},{\"Id\":907,\"Name\":\"Sugars Quantity Per 100g - Prefix - NIP\",\"Value\":null,\"Description\":\"Sugars Quantity Per 100g - Prefix - NIP\",\"SortOrder\":645},{\"Id\":908,\"Name\":\"Sugars Quantity Per 100g - SuffixUnits - NIP\",\"Value\":null,\"Description\":\"Sugars Quantity Per 100g - SuffixUnits - NIP\",\"SortOrder\":646},{\"Id\":909,\"Name\":\"Sugars Quantity Per 100g - Total - NIP\",\"Value\":null,\"Description\":\"Sugars Quantity Per 100g - Total - NIP\",\"SortOrder\":647},{\"Id\":910,\"Name\":\"Sugars Quantity Per 100g - ValueWord - NIP\",\"Value\":null,\"Description\":\"Sugars Quantity Per 100g - ValueWord - NIP\",\"SortOrder\":648},{\"Id\":504,\"Name\":\"Sugars Quantity Per Serve - Prefix - NIP\",\"Value\":null,\"Description\":\"Sugars Quantity Per Serve - Prefix - NIP\",\"SortOrder\":649},{\"Id\":911,\"Name\":\"Sugars Quantity Per Serve - SuffixUnits - NIP\",\"Value\":null,\"Description\":\"Sugars Quantity Per Serve - SuffixUnits - NIP\",\"SortOrder\":650},{\"Id\":912,\"Name\":\"Sugars Quantity Per Serve - Total - NIP\",\"Value\":null,\"Description\":\"Sugars Quantity Per Serve - Total - NIP\",\"SortOrder\":651},{\"Id\":572,\"Name\":\"Sugars Quantity Per Serve - ValueWord - NIP\",\"Value\":null,\"Description\":\"Sugars Quantity Per Serve - ValueWord - NIP\",\"SortOrder\":652}]}",
            "storageinstructions": "Keep Refrigerated",
            "usageinstructions": null,
            "brand": "danone",
            "manufacturer": null,
            "countryoforigin": null,
            "productheightmm": null,
            "productwidthmm": null,
            "productdepthmm": null,
            "wool_productpackaging": null,
            "recyclableinformation": null,
            "importantinformation": null,
            "allergencontains": "Milk",
            "allergenmaybepresent": null,
            "allergystatement": "No Artificial Colours or Flavours",
            "lifestyleanddietarystatement": "Gluten Free",
            "lifestyleclaim": null,
            "wool_dietaryclaim": "Free From Artificial Colour\rFree From Artificial Preservatives\rFree From Artificial Sweeteners\rNo Added Sugars",
            "boxedcontents": null,
            "suitablefor": null,
            "fragrance": null,
            "colour": null,
            "antioxidant": "False",
            "addedvitaminsandminerals": "False",
            "bpafree": "False",
            "sulfatefree": "False",
            "parabenfree": "False",
            "claims": null,
            "alcoholfree": null,
            "anti-dandruff": null,
            "dermatologicallyapproved": null,
            "dermatologistrecommended": null,
            "dermatologisttested": null,
            "fragrance-free": null,
            "haircolour": null,
            "hairtype": null,
            "hypo-allergenic": null,
            "non-comedogenic": null,
            "oilfree": null,
            "ophthalmologistapproved": null,
            "ophthalmologisttested": null,
            "paba-free": null,
            "skincondition": null,
            "skintype": null,
            "soap-free": null,
            "spf": null,
            "sweatresistant": null,
            "timer": null,
            "waterresistant": null,
            "phbalanced": null,
            "antiseptic": "False",
            "antibacterial": "False",
            "activeconstituents": null,
            "contains": null,
            "microwavesafe": "False",
            "productimagecount": "1",
            "friendlydisclaimer": null,
            "productimages": "706267.jpg",
            "healthstarrating": "0",
            "tgawarnings": null,
            "vendorarticleid": null,
            "vendorcostprice": null,
            "tgawarning": null
          },
          "DetailsImagePaths": [
            "https://cdn0.woolworths.media/content/wowproductimages/large/706267.jpg"
          ],
          "Variety": "mango",
          "Rating": {
            "ReviewCount": 0,
            "RatingCount": 0,
            "RatingSum": 0,
            "OneStarCount": 0,
            "TwoStarCount": 0,
            "ThreeStarCount": 0,
            "FourStarCount": 0,
            "FiveStarCount": 0,
            "Average": 0,
            "OneStarPercentage": 0,
            "TwoStarPercentage": 0,
            "ThreeStarPercentage": 0,
            "FourStarPercentage": 0,
            "FiveStarPercentage": 0
          },
          "HasProductSubs": false,
          "IsSponsoredAd": false,
          "AdID": null,
          "AdIndex": null,
          "ThirdPartyProductInfo": null,
          "MarketFeatures": null,
          "MarketSpecifications": null
        }
      ],
      "Name": "Danone Activia Yoghurt Mango"
    },
    {
      "Products": [
        {
          "TileID": 0,
          "Stockcode": 706273,
          "Barcode": "9344962000021",
          "GtinFormat": 13,
          "CupPrice": 0.45,
          "InstoreCupPrice": 0.45,
          "CupMeasure": "100G",
          "CupString": "$0.45 / 100G",
          "InstoreCupString": "$0.45 / 100G",
          "HasCupPrice": true,
          "InstoreHasCupPrice": true,
          "Price": 2.25,
          "InstorePrice": 2.25,
          "Name": "Danone Activia Yoghurt Strawberry",
          "UrlFriendlyName": "danone-activia-yoghurt-strawberry",
          "Description": " Danone Activia Yoghurt<br>Strawberry 4x125g",
          "SmallImageFile": "https://cdn0.woolworths.media/content/wowproductimages/small/706273.jpg",
          "MediumImageFile": "https://cdn0.woolworths.media/content/wowproductimages/medium/706273.jpg",
          "LargeImageFile": "https://cdn0.woolworths.media/content/wowproductimages/large/706273.jpg",
          "IsNew": false,
          "IsOnSpecial": true,
          "InstoreIsOnSpecial": true,
          "IsEdrSpecial": false,
          "SavingsAmount": 2.25,
          "InstoreSavingsAmount": 2.25,
          "WasPrice": 4.5,
          "InstoreWasPrice": 4.5,
          "QuantityInTrolley": 0,
          "Unit": "Each",
          "MinimumQuantity": 1,
          "HasBeenBoughtBefore": false,
          "IsInTrolley": false,
          "Source": "Aisle.DairyEggsFridge",
          "SupplyLimit": 36,
          "IsRanged": false,
          "IsInStock": true,
          "PackageSize": "4x125g",
          "IsPmDelivery": true,
          "IsForCollection": true,
          "IsForDelivery": true,
          "IsForExpress": false,
          "ProductRestrictionMessage": null,
          "ProductWarningMessage": null,
          "CentreTag": {
            "TagContent": null,
            "TagLink": null,
            "FallbackText": null,
            "TagType": "None",
            "MultibuyData": null
          },
          "IsCentreTag": false,
          "ImageTag": {
            "TagContent": "/content/promotiontags/roundel-half-price-200x200.png",
            "TagLink": "",
            "FallbackText": "Half Price",
            "TagType": "None",
            "MultibuyData": null
          },
          "HeaderTag": {
            "BackgroundColor": "#fd0",
            "BorderColor": "#fd0",
            "TextColor": "#000",
            "Content": "Save $2.25",
            "TagLink": null,
            "Promotion": "Special"
          },
          "HasHeaderTag": true,
          "UnitWeightInGrams": 536,
          "SupplyLimitMessage": "'Danone Activia Yoghurt Strawberry' has a supply limit of 36. The quantity in your cart has been reduced accordingly. To purchase a larger quantity, please contact us on 1800 000 610. Please note we do not supply trade orders.",
          "SmallFormatDescription": "Danone Activia Yoghurt Strawberry",
          "FullDescription": "Danone Activia Yoghurt Strawberry",
          "IsAvailable": true,
          "InstoreIsAvailable": true,
          "IsPurchasable": true,
          "InstoreIsPurchasable": true,
          "AgeRestricted": false,
          "DisplayQuantity": 1,
          "RichDescription": "<p>At the forefront of research and innovation, Danone has developed Activia® to help improve your digestive comfort*. Only Activia® contains exclusive probiotics, Bifidus ActiRegularis®, scientifically proven to survive through your stomach and reach the intestines alive.* By consuming 2 pots of Activia 125g/day during 4 weeks & maintaining a balanced diet and healthy lifestyle.New recipe - no added sugar Activia® offers you a delicious yoghurt with no added sugar and no artificial sweeteners, keeping its original creaminess and great taste.</p>",
          "IsDeliveryPass": false,
          "HideWasSavedPrice": false,
          "SapCategories": null,
          "Brand": "danone",
          "IsRestrictedByDeliveryMethod": false,
          "FooterTag": {
            "TagContent": null,
            "TagLink": null,
            "FallbackText": null,
            "TagType": "None",
            "MultibuyData": null
          },
          "IsFooterEnabled": true,
          "Diagnostics": "1646",
          "IsBundle": false,
          "IsInFamily": false,
          "ChildProducts": [],
          "UrlOverride": null,
          "AdditionalAttributes": {
            "sapdepartmentname": "FRESH CONVENIENCE",
            "sapdepartmentno": "10",
            "sapcategoryname": "DAIRY - YOGHURT",
            "sapcategoryno": "94",
            "sapsubcategoryname": "DAIRY - YOGHURT MULTI SERVE",
            "sapsubcategoryno": "877",
            "sapsegmentname": "PROBIOTIC MULTIPACK",
            "sapsegmentno": "6",
            "specialsgroupid": "3658",
            "PiesProductDepartmentNodeId": "1_6E4F4E4",
            "PiesProductDepartmentsjson": "[{\"Id\":\"1_6E4F4E4\",\"Description\":\"Dairy, Eggs & Fridge\"}]",
            "piesdepartmentnamesjson": "[\"Dairy, Eggs & Fridge\"]",
            "piescategorynamesjson": "[\"Yoghurt\"]",
            "piessubcategorynamesjson": "[\"Low & No Fat Yoghurt\",\"Flavoured Yoghurt\"]",
            "servingsize-total-nip": null,
            "servingsperpack-total-nip": null,
            "microwaveable": "False",
            "ovencook": "False",
            "vegetarian": "False",
            "freezable": "False",
            "containsnuts": "False",
            "containsgluten": "False",
            "description": "<p>At the forefront of research and innovation, Danone has developed Activia® to help improve your digestive comfort*. Only Activia® contains exclusive probiotics, Bifidus ActiRegularis®, scientifically proven to survive through your stomach and reach the intestines alive.* By consuming 2 pots of Activia 125g/day during 4 weeks & maintaining a balanced diet and healthy lifestyle.New recipe - no added sugar Activia® offers you a delicious yoghurt with no added sugar and no artificial sweeteners, keeping its original creaminess and great taste.</p>",
            "ingredients": "Whole Milk, Fruit 7.3 (Strawberry, Lemon Pulp), Milk Solids, Thickener (1442), Corn Starch, Flavour, Live Lactic Acid Cultures (Bifidobacterium Animalis Subspecies Lactis CNCM I-2494, Streptococcus Thermophilus, Lactococcus Lactis and Lactobacillus Bulgaricus), Carrageenan, Natural Flavour, Black Carrot and Blackcurrant Concentrate, Lactase, Calcium Chloride, Stevia Leaf Extract, Sea Salt, Milk Minerals",
            "nutritionalinformation": "{\"Name\":\"Nutritional Information\",\"Attributes\":[{\"Id\":705,\"Name\":\"Carbohydrate Quantity Per 100g - Total - NIP\",\"Value\":null,\"Description\":\"Carbohydrate Quantity Per 100g - Total - NIP\",\"SortOrder\":83},{\"Id\":706,\"Name\":\"Carbohydrate Quantity Per Serve - Total - NIP\",\"Value\":null,\"Description\":\"Carbohydrate Quantity Per Serve - Total - NIP\",\"SortOrder\":87},{\"Id\":759,\"Name\":\"Energy kJ Quantity Per 100g - Total - NIP\",\"Value\":null,\"Description\":\"Energy kJ Quantity Per 100g - Total - NIP\",\"SortOrder\":239},{\"Id\":760,\"Name\":\"Energy kJ Quantity Per Serve - Total - NIP\",\"Value\":null,\"Description\":\"Energy kJ Quantity Per Serve - Total - NIP\",\"SortOrder\":243},{\"Id\":253,\"Name\":\"Fat Saturated Quantity Per 100g - Total - NIP\",\"Value\":null,\"Description\":\"Fat Saturated Quantity Per 100g - Total - NIP\",\"SortOrder\":251},{\"Id\":258,\"Name\":\"Fat Saturated Quantity Per Serve - Total - NIP\",\"Value\":null,\"Description\":\"Fat Saturated Quantity Per Serve - Total - NIP\",\"SortOrder\":255},{\"Id\":764,\"Name\":\"Fat Total Quantity Per 100g - Total - NIP\",\"Value\":null,\"Description\":\"Fat Total Quantity Per 100g - Total - NIP\",\"SortOrder\":263},{\"Id\":264,\"Name\":\"Fat Total Quantity Per Serve - Total - NIP\",\"Value\":null,\"Description\":\"Fat Total Quantity Per Serve - Total - NIP\",\"SortOrder\":267},{\"Id\":878,\"Name\":\"Protein Quantity Per 100g - Total - NIP\",\"Value\":null,\"Description\":\"Protein Quantity Per 100g - Total - NIP\",\"SortOrder\":587},{\"Id\":882,\"Name\":\"Protein Quantity Per Serve - Total - NIP\",\"Value\":null,\"Description\":\"Protein Quantity Per Serve - Total - NIP\",\"SortOrder\":591},{\"Id\":477,\"Name\":\"Serving Size - Total - NIP\",\"Value\":null,\"Description\":\"Serving Size - Total - NIP\",\"SortOrder\":607},{\"Id\":544,\"Name\":\"Servings Per Pack - Total - NIP\",\"Value\":\"1\",\"Description\":\"Servings Per Pack - Total - NIP\",\"SortOrder\":611},{\"Id\":491,\"Name\":\"Sodium Quantity Per 100g - Total - NIP\",\"Value\":null,\"Description\":\"Sodium Quantity Per 100g - Total - NIP\",\"SortOrder\":623},{\"Id\":495,\"Name\":\"Sodium Quantity Per Serve - Total - NIP\",\"Value\":null,\"Description\":\"Sodium Quantity Per Serve - Total - NIP\",\"SortOrder\":627},{\"Id\":907,\"Name\":\"Sugars Quantity Per 100g - Prefix - NIP\",\"Value\":null,\"Description\":\"Sugars Quantity Per 100g - Prefix - NIP\",\"SortOrder\":645},{\"Id\":908,\"Name\":\"Sugars Quantity Per 100g - SuffixUnits - NIP\",\"Value\":null,\"Description\":\"Sugars Quantity Per 100g - SuffixUnits - NIP\",\"SortOrder\":646},{\"Id\":909,\"Name\":\"Sugars Quantity Per 100g - Total - NIP\",\"Value\":null,\"Description\":\"Sugars Quantity Per 100g - Total - NIP\",\"SortOrder\":647},{\"Id\":910,\"Name\":\"Sugars Quantity Per 100g - ValueWord - NIP\",\"Value\":null,\"Description\":\"Sugars Quantity Per 100g - ValueWord - NIP\",\"SortOrder\":648},{\"Id\":504,\"Name\":\"Sugars Quantity Per Serve - Prefix - NIP\",\"Value\":null,\"Description\":\"Sugars Quantity Per Serve - Prefix - NIP\",\"SortOrder\":649},{\"Id\":911,\"Name\":\"Sugars Quantity Per Serve - SuffixUnits - NIP\",\"Value\":null,\"Description\":\"Sugars Quantity Per Serve - SuffixUnits - NIP\",\"SortOrder\":650},{\"Id\":912,\"Name\":\"Sugars Quantity Per Serve - Total - NIP\",\"Value\":null,\"Description\":\"Sugars Quantity Per Serve - Total - NIP\",\"SortOrder\":651},{\"Id\":572,\"Name\":\"Sugars Quantity Per Serve - ValueWord - NIP\",\"Value\":null,\"Description\":\"Sugars Quantity Per Serve - ValueWord - NIP\",\"SortOrder\":652}]}",
            "storageinstructions": "Keep Refrigerated",
            "usageinstructions": null,
            "brand": "danone",
            "manufacturer": null,
            "countryoforigin": null,
            "productheightmm": null,
            "productwidthmm": null,
            "productdepthmm": null,
            "wool_productpackaging": null,
            "recyclableinformation": null,
            "importantinformation": null,
            "allergencontains": "Milk",
            "allergenmaybepresent": null,
            "allergystatement": "No Artificial Colours or Flavours",
            "lifestyleanddietarystatement": "Source of Calcium",
            "lifestyleclaim": null,
            "wool_dietaryclaim": "Free From Artificial Colour\rFree From Artificial Preservatives\rFree From Artificial Sweeteners\rNo Added Sugars",
            "boxedcontents": null,
            "suitablefor": null,
            "fragrance": null,
            "colour": null,
            "antioxidant": "False",
            "addedvitaminsandminerals": "False",
            "bpafree": "False",
            "sulfatefree": "False",
            "parabenfree": "False",
            "claims": null,
            "alcoholfree": null,
            "anti-dandruff": null,
            "dermatologicallyapproved": null,
            "dermatologistrecommended": null,
            "dermatologisttested": null,
            "fragrance-free": null,
            "haircolour": null,
            "hairtype": null,
            "hypo-allergenic": null,
            "non-comedogenic": null,
            "oilfree": null,
            "ophthalmologistapproved": null,
            "ophthalmologisttested": null,
            "paba-free": null,
            "skincondition": null,
            "skintype": null,
            "soap-free": null,
            "spf": null,
            "sweatresistant": null,
            "timer": null,
            "waterresistant": null,
            "phbalanced": null,
            "antiseptic": "False",
            "antibacterial": "False",
            "activeconstituents": null,
            "contains": null,
            "microwavesafe": "False",
            "productimagecount": "1",
            "friendlydisclaimer": null,
            "productimages": "706273.jpg",
            "healthstarrating": "0",
            "tgawarnings": null,
            "vendorarticleid": null,
            "vendorcostprice": null,
            "tgawarning": null
          },
          "DetailsImagePaths": [
            "https://cdn0.woolworths.media/content/wowproductimages/large/706273.jpg"
          ],
          "Variety": "strawberry",
          "Rating": {
            "ReviewCount": 0,
            "RatingCount": 0,
            "RatingSum": 0,
            "OneStarCount": 0,
            "TwoStarCount": 0,
            "ThreeStarCount": 0,
            "FourStarCount": 0,
            "FiveStarCount": 0,
            "Average": 0,
            "OneStarPercentage": 0,
            "TwoStarPercentage": 0,
            "ThreeStarPercentage": 0,
            "FourStarPercentage": 0,
            "FiveStarPercentage": 0
          },
          "HasProductSubs": false,
          "IsSponsoredAd": false,
          "AdID": null,
          "AdIndex": null,
          "ThirdPartyProductInfo": null,
          "MarketFeatures": null,
          "MarketSpecifications": null
        }
      ],
      "Name": "Danone Activia Yoghurt Strawberry"
    },
    {
      "Products": [
        {
          "TileID": 0,
          "Stockcode": 730998,
          "Barcode": "9310036045359",
          "GtinFormat": 13,
          "CupPrice": 2.25,
          "InstoreCupPrice": 2.25,
          "CupMeasure": "1L",
          "CupString": "$2.25 / 1L",
          "InstoreCupString": "$2.25 / 1L",
          "HasCupPrice": true,
          "InstoreHasCupPrice": true,
          "Price": 2.25,
          "InstorePrice": 2.25,
          "Name": "Pauls Zymil Full Cream Long Life Milk",
          "UrlFriendlyName": "pauls-zymil-full-cream-long-life-milk",
          "Description": " Pauls Zymil Full Cream Long<br>Life Milk 1L",
          "SmallImageFile": "https://cdn0.woolworths.media/content/wowproductimages/small/730998.jpg",
          "MediumImageFile": "https://cdn0.woolworths.media/content/wowproductimages/medium/730998.jpg",
          "LargeImageFile": "https://cdn0.woolworths.media/content/wowproductimages/large/730998.jpg",
          "IsNew": false,
          "IsOnSpecial": false,
          "InstoreIsOnSpecial": false,
          "IsEdrSpecial": false,
          "SavingsAmount": 0,
          "InstoreSavingsAmount": 0,
          "WasPrice": 2.25,
          "InstoreWasPrice": 2.25,
          "QuantityInTrolley": 0,
          "Unit": "Each",
          "MinimumQuantity": 1,
          "HasBeenBoughtBefore": false,
          "IsInTrolley": false,
          "Source": "Aisle.DairyEggsFridge",
          "SupplyLimit": 36,
          "IsRanged": false,
          "IsInStock": true,
          "PackageSize": "1L",
          "IsPmDelivery": false,
          "IsForCollection": true,
          "IsForDelivery": true,
          "IsForExpress": false,
          "ProductRestrictionMessage": null,
          "ProductWarningMessage": null,
          "CentreTag": {
            "TagContent": "<span style=\"COLOR: #e2001a\"> Was $2.70 10/08/2020</span>",
            "TagLink": null,
            "FallbackText": null,
            "TagType": "Html",
            "MultibuyData": null
          },
          "IsCentreTag": true,
          "ImageTag": {
            "TagContent": null,
            "TagLink": null,
            "FallbackText": "",
            "TagType": "None",
            "MultibuyData": null
          },
          "HeaderTag": {
            "BackgroundColor": "#fff",
            "BorderColor": "#c20016",
            "TextColor": "#c20016",
            "Content": "<span class=\"u-semibold\">Prices dropped</span>",
            "TagLink": null,
            "Promotion": "PriceDropped"
          },
          "HasHeaderTag": true,
          "UnitWeightInGrams": 1072,
          "SupplyLimitMessage": "'Pauls Zymil Full Cream Long Life Milk' has a supply limit of 36. The quantity in your cart has been reduced accordingly. To purchase a larger quantity, please contact us on 1800 000 610. Please note we do not supply trade orders.",
          "SmallFormatDescription": "Pauls Zymil Full Cream Long Life Milk",
          "FullDescription": "Pauls Zymil Full Cream Long Life Milk",
          "IsAvailable": true,
          "InstoreIsAvailable": true,
          "IsPurchasable": true,
          "InstoreIsPurchasable": true,
          "AgeRestricted": false,
          "DisplayQuantity": 1,
          "RichDescription": "<p>Pauls Zymil is simply milk which is easy to digest*. <br/>Plus Pauls Zymil is lactose free and made from real milk so it has all of the natural goodness of regular milk.  <br/> Full cream milk <br/> Lactose free <br/> Gluten free</p>",
          "IsDeliveryPass": false,
          "HideWasSavedPrice": false,
          "SapCategories": null,
          "Brand": "Pauls",
          "IsRestrictedByDeliveryMethod": false,
          "FooterTag": {
            "TagContent": "<div class=\"productTag-pricedropped\" style=\"\r\nheight:46px;\r\nposition:absolute;\r\ntop:-4px;\r\nleft:0;\r\nwidth:100%;\r\nbackground:white;\r\noutline: 1px solid #c20016;\r\ntext-align:center;\">\r\n\r\n<img src=\"https://cdn0.woolworths.media/content/content/pricedropped-footer-transparent.png\" width=\"204px\" height=\"16px\" alt=\"Price Dropped\" style=\"display:inline-block;margin-top:15px;max-width: 100%;\">\r\n</div>",
            "TagLink": null,
            "FallbackText": null,
            "TagType": "Html",
            "MultibuyData": null
          },
          "IsFooterEnabled": true,
          "Diagnostics": "1647",
          "IsBundle": false,
          "IsInFamily": false,
          "ChildProducts": [],
          "UrlOverride": null,
          "AdditionalAttributes": {
            "sapdepartmentname": "GROCERIES",
            "sapdepartmentno": "5",
            "sapcategoryname": "BEVERAGES",
            "sapcategoryno": "57",
            "sapsubcategoryname": "LONGLIFE MILK & SOY DRINKS",
            "sapsubcategoryno": "3",
            "sapsegmentname": "LONG LIFE MILK - LACTOSE FREE",
            "sapsegmentno": "10",
            "specialsgroupid": null,
            "PiesProductDepartmentNodeId": "1_6E4F4E4",
            "PiesProductDepartmentsjson": "[{\"Id\":\"1_6E4F4E4\",\"Description\":\"Dairy, Eggs & Fridge\"},{\"Id\":\"1_5AF3A0A\",\"Description\":\"Drinks\"}]",
            "piesdepartmentnamesjson": "[\"Dairy, Eggs & Fridge\",\"Drinks\"]",
            "piescategorynamesjson": "[\"Long Life Milk\",\"Milk\"]",
            "piessubcategorynamesjson": "[\"Soy & Speciality Milk\",\"Lactose Free Milk\",\"Long Life Milk\",\"Lactose Free Milk\"]",
            "servingsize-total-nip": null,
            "servingsperpack-total-nip": null,
            "microwaveable": "False",
            "ovencook": "False",
            "vegetarian": "False",
            "freezable": "False",
            "containsnuts": "False",
            "containsgluten": "False",
            "description": "<p>Pauls Zymil is simply milk which is easy to digest*. <br/>Plus Pauls Zymil is lactose free and made from real milk so it has all of the natural goodness of regular milk.  <br/> Full cream milk <br/> Lactose free <br/> Gluten free</p>",
            "ingredients": "Full cream milk, enzyme (lactase).",
            "nutritionalinformation": "{\"Name\":\"Nutritional Information\",\"Attributes\":[{\"Id\":705,\"Name\":\"Carbohydrate Quantity Per 100g - Total - NIP\",\"Value\":\"4.9\",\"Description\":\"Carbohydrate Quantity Per 100g - Total - NIP\",\"SortOrder\":83},{\"Id\":706,\"Name\":\"Carbohydrate Quantity Per Serve - Total - NIP\",\"Value\":\"12.3\",\"Description\":\"Carbohydrate Quantity Per Serve - Total - NIP\",\"SortOrder\":87},{\"Id\":759,\"Name\":\"Energy kJ Quantity Per 100g - Total - NIP\",\"Value\":\"277\",\"Description\":\"Energy kJ Quantity Per 100g - Total - NIP\",\"SortOrder\":239},{\"Id\":760,\"Name\":\"Energy kJ Quantity Per Serve - Total - NIP\",\"Value\":\"693\",\"Description\":\"Energy kJ Quantity Per Serve - Total - NIP\",\"SortOrder\":243},{\"Id\":253,\"Name\":\"Fat Saturated Quantity Per 100g - Total - NIP\",\"Value\":\"2.3\",\"Description\":\"Fat Saturated Quantity Per 100g - Total - NIP\",\"SortOrder\":251},{\"Id\":258,\"Name\":\"Fat Saturated Quantity Per Serve - Total - NIP\",\"Value\":\"5.8\",\"Description\":\"Fat Saturated Quantity Per Serve - Total - NIP\",\"SortOrder\":255},{\"Id\":764,\"Name\":\"Fat Total Quantity Per 100g - Total - NIP\",\"Value\":\"3.6\",\"Description\":\"Fat Total Quantity Per 100g - Total - NIP\",\"SortOrder\":263},{\"Id\":264,\"Name\":\"Fat Total Quantity Per Serve - Total - NIP\",\"Value\":\"9.0\",\"Description\":\"Fat Total Quantity Per Serve - Total - NIP\",\"SortOrder\":267},{\"Id\":878,\"Name\":\"Protein Quantity Per 100g - Total - NIP\",\"Value\":\"3.6\",\"Description\":\"Protein Quantity Per 100g - Total - NIP\",\"SortOrder\":587},{\"Id\":882,\"Name\":\"Protein Quantity Per Serve - Total - NIP\",\"Value\":\"9.0\",\"Description\":\"Protein Quantity Per Serve - Total - NIP\",\"SortOrder\":591},{\"Id\":477,\"Name\":\"Serving Size - Total - NIP\",\"Value\":\"250\",\"Description\":\"Serving Size - Total - NIP\",\"SortOrder\":607},{\"Id\":544,\"Name\":\"Servings Per Pack - Total - NIP\",\"Value\":\"4\",\"Description\":\"Servings Per Pack - Total - NIP\",\"SortOrder\":611},{\"Id\":491,\"Name\":\"Sodium Quantity Per 100g - Total - NIP\",\"Value\":\"41\",\"Description\":\"Sodium Quantity Per 100g - Total - NIP\",\"SortOrder\":623},{\"Id\":495,\"Name\":\"Sodium Quantity Per Serve - Total - NIP\",\"Value\":\"1.3\",\"Description\":\"Sodium Quantity Per Serve - Total - NIP\",\"SortOrder\":627},{\"Id\":907,\"Name\":\"Sugars Quantity Per 100g - Prefix - NIP\",\"Value\":\"\",\"Description\":\"Sugars Quantity Per 100g - Prefix - NIP\",\"SortOrder\":645},{\"Id\":908,\"Name\":\"Sugars Quantity Per 100g - SuffixUnits - NIP\",\"Value\":\"g\",\"Description\":\"Sugars Quantity Per 100g - SuffixUnits - NIP\",\"SortOrder\":646},{\"Id\":909,\"Name\":\"Sugars Quantity Per 100g - Total - NIP\",\"Value\":\"4.9\",\"Description\":\"Sugars Quantity Per 100g - Total - NIP\",\"SortOrder\":647},{\"Id\":910,\"Name\":\"Sugars Quantity Per 100g - ValueWord - NIP\",\"Value\":\"4.9\",\"Description\":\"Sugars Quantity Per 100g - ValueWord - NIP\",\"SortOrder\":648},{\"Id\":504,\"Name\":\"Sugars Quantity Per Serve - Prefix - NIP\",\"Value\":\"\",\"Description\":\"Sugars Quantity Per Serve - Prefix - NIP\",\"SortOrder\":649},{\"Id\":911,\"Name\":\"Sugars Quantity Per Serve - SuffixUnits - NIP\",\"Value\":\"g\",\"Description\":\"Sugars Quantity Per Serve - SuffixUnits - NIP\",\"SortOrder\":650},{\"Id\":912,\"Name\":\"Sugars Quantity Per Serve - Total - NIP\",\"Value\":\"12.3\",\"Description\":\"Sugars Quantity Per Serve - Total - NIP\",\"SortOrder\":651},{\"Id\":572,\"Name\":\"Sugars Quantity Per Serve - ValueWord - NIP\",\"Value\":\"12.3\",\"Description\":\"Sugars Quantity Per Serve - ValueWord - NIP\",\"SortOrder\":652}]}",
            "storageinstructions": "Store at an ambient temperature less than 30°C. Store in an upright position.",
            "usageinstructions": null,
            "brand": "pauls",
            "manufacturer": null,
            "countryoforigin": null,
            "productheightmm": null,
            "productwidthmm": null,
            "productdepthmm": null,
            "wool_productpackaging": null,
            "recyclableinformation": null,
            "importantinformation": null,
            "allergencontains": "Milk",
            "allergenmaybepresent": null,
            "allergystatement": "Gluten Free",
            "lifestyleanddietarystatement": "Source of Protein",
            "lifestyleclaim": null,
            "wool_dietaryclaim": "High in Calcium, Added Vitamins and Minerals, Source of Protein",
            "boxedcontents": null,
            "suitablefor": null,
            "fragrance": null,
            "colour": null,
            "antioxidant": "False",
            "addedvitaminsandminerals": "False",
            "bpafree": "False",
            "sulfatefree": "False",
            "parabenfree": "False",
            "claims": null,
            "alcoholfree": null,
            "anti-dandruff": null,
            "dermatologicallyapproved": null,
            "dermatologistrecommended": null,
            "dermatologisttested": null,
            "fragrance-free": null,
            "haircolour": null,
            "hairtype": null,
            "hypo-allergenic": null,
            "non-comedogenic": null,
            "oilfree": null,
            "ophthalmologistapproved": null,
            "ophthalmologisttested": null,
            "paba-free": null,
            "skincondition": null,
            "skintype": null,
            "soap-free": null,
            "spf": null,
            "sweatresistant": null,
            "timer": null,
            "waterresistant": null,
            "phbalanced": null,
            "antiseptic": "False",
            "antibacterial": "False",
            "activeconstituents": null,
            "contains": null,
            "microwavesafe": "False",
            "productimagecount": "2",
            "friendlydisclaimer": null,
            "productimages": "730998_1.jpg,730998.jpg",
            "healthstarrating": "0",
            "tgawarnings": null,
            "vendorarticleid": null,
            "vendorcostprice": null,
            "tgawarning": null,
            "PiesProductB2bDepartmentNodeId": "14_BADBC9B",
            "PiesProductB2bDepartmentsjson": "[{\"Id\":\"14_BADBC9B\",\"Description\":\"Fridge\"},{\"Id\":\"14_7A6B58C\",\"Description\":\"Drinks\"},{\"Id\":\"14_AB10757\",\"Description\":\"Coffee & Tea\"}]",
            "piesb2bdepartmentnamesjson": "[\"Fridge\",\"Drinks\",\"Coffee & Tea\"]",
            "piesb2bcategorynamesjson": "[\"Milk\",\"Chilled Milk\",\"Chilled Milk\",\"Long Life Milk\",\"Long-life Milk\"]",
            "piesb2bsubcategorynamesjson": "[\"Soy & Speciality Milk\",\"Soy & Specialty Milk\",\"Soy & Specialty Milk\",\"Lactose Free Milk\",\"Lactose Free Milk\"]"
          },
          "DetailsImagePaths": [
            "https://cdn0.woolworths.media/content/wowproductimages/large/730998.jpg",
            "https://cdn0.woolworths.media/content/wowproductimages/large/730998_1.jpg"
          ],
          "Variety": "LONG LIFE MILK",
          "Rating": null,
          "HasProductSubs": false,
          "IsSponsoredAd": false,
          "AdID": null,
          "AdIndex": null,
          "ThirdPartyProductInfo": null,
          "MarketFeatures": null,
          "MarketSpecifications": null
        }
      ],
      "Name": "Pauls Zymil Full Cream Long Life Milk"
    },
    {
      "Products": [
        {
          "TileID": 0,
          "Stockcode": 768097,
          "Barcode": "9310653102992",
          "GtinFormat": 13,
          "CupPrice": 1.61,
          "InstoreCupPrice": 1.61,
          "CupMeasure": "100G",
          "CupString": "$1.61 / 100G",
          "InstoreCupString": "$1.61 / 100G",
          "HasCupPrice": true,
          "InstoreHasCupPrice": true,
          "Price": 2.25,
          "InstorePrice": 2.25,
          "Name": "Chobani No Fat Blueberry Yoghurt Pouch",
          "UrlFriendlyName": "chobani-no-fat-blueberry-yoghurt-pouch",
          "Description": " Chobani No Fat Blueberry<br>Yoghurt Pouch 140g",
          "SmallImageFile": "https://cdn0.woolworths.media/content/wowproductimages/small/768097.jpg",
          "MediumImageFile": "https://cdn0.woolworths.media/content/wowproductimages/medium/768097.jpg",
          "LargeImageFile": "https://cdn0.woolworths.media/content/wowproductimages/large/768097.jpg",
          "IsNew": false,
          "IsOnSpecial": false,
          "InstoreIsOnSpecial": false,
          "IsEdrSpecial": false,
          "SavingsAmount": 0,
          "InstoreSavingsAmount": 0,
          "WasPrice": 2.25,
          "InstoreWasPrice": 2.25,
          "QuantityInTrolley": 0,
          "Unit": "Each",
          "MinimumQuantity": 1,
          "HasBeenBoughtBefore": false,
          "IsInTrolley": false,
          "Source": "Aisle.DairyEggsFridge",
          "SupplyLimit": 36,
          "IsRanged": false,
          "IsInStock": true,
          "PackageSize": "140g",
          "IsPmDelivery": true,
          "IsForCollection": true,
          "IsForDelivery": true,
          "IsForExpress": false,
          "ProductRestrictionMessage": null,
          "ProductWarningMessage": null,
          "CentreTag": {
            "TagContent": null,
            "TagLink": null,
            "FallbackText": null,
            "TagType": "None",
            "MultibuyData": null
          },
          "IsCentreTag": false,
          "ImageTag": {
            "TagContent": null,
            "TagLink": null,
            "FallbackText": "",
            "TagType": "None",
            "MultibuyData": null
          },
          "HeaderTag": null,
          "HasHeaderTag": false,
          "UnitWeightInGrams": 150,
          "SupplyLimitMessage": "'Chobani No Fat Blueberry Yoghurt Pouch' has a supply limit of 36. The quantity in your cart has been reduced accordingly. To purchase a larger quantity, please contact us on 1800 000 610. Please note we do not supply trade orders.",
          "SmallFormatDescription": "Chobani No Fat Blueberry Yoghurt Pouch",
          "FullDescription": "Chobani No Fat Blueberry Yoghurt Pouch",
          "IsAvailable": true,
          "InstoreIsAvailable": true,
          "IsPurchasable": true,
          "InstoreIsPurchasable": true,
          "AgeRestricted": false,
          "DisplayQuantity": 1,
          "RichDescription": "Plump blueberries are blended with our low-fat yogurt to create the perfect Cho-On-The-Go snack.",
          "IsDeliveryPass": false,
          "HideWasSavedPrice": false,
          "SapCategories": null,
          "Brand": "chobani",
          "IsRestrictedByDeliveryMethod": false,
          "FooterTag": {
            "TagContent": null,
            "TagLink": null,
            "FallbackText": null,
            "TagType": "None",
            "MultibuyData": null
          },
          "IsFooterEnabled": true,
          "Diagnostics": "1648",
          "IsBundle": false,
          "IsInFamily": false,
          "ChildProducts": [],
          "UrlOverride": null,
          "AdditionalAttributes": {
            "sapdepartmentname": "FRESH CONVENIENCE",
            "sapdepartmentno": "10",
            "sapcategoryname": "DAIRY - YOGHURT",
            "sapcategoryno": "94",
            "sapsubcategoryname": "DAIRY - YOGHURT SINGLE SERVE",
            "sapsubcategoryno": "848",
            "sapsegmentname": "EVERYDAY POUCH",
            "sapsegmentno": "8",
            "specialsgroupid": null,
            "PiesProductDepartmentNodeId": "1_6E4F4E4",
            "PiesProductDepartmentsjson": "[{\"Id\":\"1_6E4F4E4\",\"Description\":\"Dairy, Eggs & Fridge\"}]",
            "piesdepartmentnamesjson": "[\"Dairy, Eggs & Fridge\"]",
            "piescategorynamesjson": "[\"Lunch Box\",\"Yoghurt\"]",
            "piessubcategorynamesjson": "[\"Flavoured Yoghurt\",\"Healthier Dairy Snacks\"]",
            "servingsize-total-nip": null,
            "servingsperpack-total-nip": null,
            "microwaveable": "False",
            "ovencook": "False",
            "vegetarian": "False",
            "freezable": "False",
            "containsnuts": "False",
            "containsgluten": "False",
            "description": "Plump blueberries are blended with our low-fat yogurt to create the perfect Cho-On-The-Go snack.",
            "ingredients": "Low Fat Yogurt (80%), Blueberry Blend (20%). <br>Ingredients: Low Fat Yogurt (80%) [Skim Milk, Live Yogurt Cultures], Blueberry Blend (20%) [Sugar, Blueberry Puree (30%), Water, Vegetable Gums (Fruit Pectin, Locust Bean Gum), Natural Flavours, Acidity Regulators (Sodium Citrate, Lactic Acid), Mineral Salt (Calcium Citrate), Purple Carrot Concentrate].",
            "nutritionalinformation": "{\"Name\":\"Nutritional Information\",\"Attributes\":[{\"Id\":705,\"Name\":\"Carbohydrate Quantity Per 100g - Total - NIP\",\"Value\":\"13.2g\",\"Description\":\"Carbohydrate Quantity Per 100g - Total - NIP\",\"SortOrder\":83},{\"Id\":706,\"Name\":\"Carbohydrate Quantity Per Serve - Total - NIP\",\"Value\":\"18.5g\",\"Description\":\"Carbohydrate Quantity Per Serve - Total - NIP\",\"SortOrder\":87},{\"Id\":759,\"Name\":\"Energy kJ Quantity Per 100g - Total - NIP\",\"Value\":\"362kJ\",\"Description\":\"Energy kJ Quantity Per 100g - Total - NIP\",\"SortOrder\":239},{\"Id\":760,\"Name\":\"Energy kJ Quantity Per Serve - Total - NIP\",\"Value\":\"507kJ\",\"Description\":\"Energy kJ Quantity Per Serve - Total - NIP\",\"SortOrder\":243},{\"Id\":253,\"Name\":\"Fat Saturated Quantity Per 100g - Total - NIP\",\"Value\":\"0.1g\",\"Description\":\"Fat Saturated Quantity Per 100g - Total - NIP\",\"SortOrder\":251},{\"Id\":258,\"Name\":\"Fat Saturated Quantity Per Serve - Total - NIP\",\"Value\":\"0.1g\",\"Description\":\"Fat Saturated Quantity Per Serve - Total - NIP\",\"SortOrder\":255},{\"Id\":764,\"Name\":\"Fat Total Quantity Per 100g - Total - NIP\",\"Value\":\"0.2g\",\"Description\":\"Fat Total Quantity Per 100g - Total - NIP\",\"SortOrder\":263},{\"Id\":264,\"Name\":\"Fat Total Quantity Per Serve - Total - NIP\",\"Value\":\"0.2g\",\"Description\":\"Fat Total Quantity Per Serve - Total - NIP\",\"SortOrder\":267},{\"Id\":878,\"Name\":\"Protein Quantity Per 100g - Total - NIP\",\"Value\":\"7.8g\",\"Description\":\"Protein Quantity Per 100g - Total - NIP\",\"SortOrder\":587},{\"Id\":882,\"Name\":\"Protein Quantity Per Serve - Total - NIP\",\"Value\":\"10.9g\",\"Description\":\"Protein Quantity Per Serve - Total - NIP\",\"SortOrder\":591},{\"Id\":477,\"Name\":\"Serving Size - Total - NIP\",\"Value\":\"140g\",\"Description\":\"Serving Size - Total - NIP\",\"SortOrder\":607},{\"Id\":544,\"Name\":\"Servings Per Pack - Total - NIP\",\"Value\":\"1\",\"Description\":\"Servings Per Pack - Total - NIP\",\"SortOrder\":611},{\"Id\":491,\"Name\":\"Sodium Quantity Per 100g - Total - NIP\",\"Value\":\"36mg\",\"Description\":\"Sodium Quantity Per 100g - Total - NIP\",\"SortOrder\":623},{\"Id\":495,\"Name\":\"Sodium Quantity Per Serve - Total - NIP\",\"Value\":\"50mg\",\"Description\":\"Sodium Quantity Per Serve - Total - NIP\",\"SortOrder\":627},{\"Id\":907,\"Name\":\"Sugars Quantity Per 100g - Prefix - NIP\",\"Value\":\"\",\"Description\":\"Sugars Quantity Per 100g - Prefix - NIP\",\"SortOrder\":645},{\"Id\":908,\"Name\":\"Sugars Quantity Per 100g - SuffixUnits - NIP\",\"Value\":\"g\",\"Description\":\"Sugars Quantity Per 100g - SuffixUnits - NIP\",\"SortOrder\":646},{\"Id\":909,\"Name\":\"Sugars Quantity Per 100g - Total - NIP\",\"Value\":\"12.3g\",\"Description\":\"Sugars Quantity Per 100g - Total - NIP\",\"SortOrder\":647},{\"Id\":910,\"Name\":\"Sugars Quantity Per 100g - ValueWord - NIP\",\"Value\":\"12.3\",\"Description\":\"Sugars Quantity Per 100g - ValueWord - NIP\",\"SortOrder\":648},{\"Id\":504,\"Name\":\"Sugars Quantity Per Serve - Prefix - NIP\",\"Value\":\"\",\"Description\":\"Sugars Quantity Per Serve - Prefix - NIP\",\"SortOrder\":649},{\"Id\":911,\"Name\":\"Sugars Quantity Per Serve - SuffixUnits - NIP\",\"Value\":\"g\",\"Description\":\"Sugars Quantity Per Serve - SuffixUnits - NIP\",\"SortOrder\":650},{\"Id\":912,\"Name\":\"Sugars Quantity Per Serve - Total - NIP\",\"Value\":\"17.2g\",\"Description\":\"Sugars Quantity Per Serve - Total - NIP\",\"SortOrder\":651},{\"Id\":572,\"Name\":\"Sugars Quantity Per Serve - ValueWord - NIP\",\"Value\":\"17.2\",\"Description\":\"Sugars Quantity Per Serve - ValueWord - NIP\",\"SortOrder\":652}]}",
            "storageinstructions": "Keep Refrigerated",
            "usageinstructions": null,
            "brand": "chobani",
            "manufacturer": null,
            "countryoforigin": null,
            "productheightmm": null,
            "productwidthmm": null,
            "productdepthmm": null,
            "wool_productpackaging": null,
            "recyclableinformation": null,
            "importantinformation": null,
            "allergencontains": "Milk",
            "allergenmaybepresent": "Gluten",
            "allergystatement": "No Artificial Preservatives",
            "lifestyleanddietarystatement": "Low Saturated Fat",
            "lifestyleclaim": null,
            "wool_dietaryclaim": "Free from artificial flavour. Free from artificial colour. Free from preservatives",
            "boxedcontents": null,
            "suitablefor": null,
            "fragrance": null,
            "colour": null,
            "antioxidant": "False",
            "addedvitaminsandminerals": "False",
            "bpafree": "False",
            "sulfatefree": "False",
            "parabenfree": "False",
            "claims": null,
            "alcoholfree": null,
            "anti-dandruff": null,
            "dermatologicallyapproved": null,
            "dermatologistrecommended": null,
            "dermatologisttested": null,
            "fragrance-free": null,
            "haircolour": null,
            "hairtype": null,
            "hypo-allergenic": null,
            "non-comedogenic": null,
            "oilfree": null,
            "ophthalmologistapproved": null,
            "ophthalmologisttested": null,
            "paba-free": null,
            "skincondition": null,
            "skintype": null,
            "soap-free": null,
            "spf": null,
            "sweatresistant": null,
            "timer": null,
            "waterresistant": null,
            "phbalanced": null,
            "antiseptic": "False",
            "antibacterial": "False",
            "activeconstituents": null,
            "contains": null,
            "microwavesafe": "False",
            "productimagecount": "2",
            "friendlydisclaimer": null,
            "productimages": "768097.jpg,768097_2.jpg",
            "healthstarrating": "0",
            "tgawarnings": null,
            "vendorarticleid": null,
            "vendorcostprice": null,
            "tgawarning": null
          },
          "DetailsImagePaths": [
            "https://cdn0.woolworths.media/content/wowproductimages/large/768097.jpg",
            "https://cdn0.woolworths.media/content/wowproductimages/large/768097_2.jpg"
          ],
          "Variety": "yoghurt pouch",
          "Rating": {
            "ReviewCount": 0,
            "RatingCount": 0,
            "RatingSum": 0,
            "OneStarCount": 0,
            "TwoStarCount": 0,
            "ThreeStarCount": 0,
            "FourStarCount": 0,
            "FiveStarCount": 0,
            "Average": 0,
            "OneStarPercentage": 0,
            "TwoStarPercentage": 0,
            "ThreeStarPercentage": 0,
            "FourStarPercentage": 0,
            "FiveStarPercentage": 0
          },
          "HasProductSubs": false,
          "IsSponsoredAd": false,
          "AdID": null,
          "AdIndex": null,
          "ThirdPartyProductInfo": null,
          "MarketFeatures": null,
          "MarketSpecifications": null
        }
      ],
      "Name": "Chobani No Fat Blueberry Yoghurt Pouch"
    },
    {
      "Products": [
        {
          "TileID": 0,
          "Stockcode": 768123,
          "Barcode": "9310653102985",
          "GtinFormat": 13,
          "CupPrice": 1.61,
          "InstoreCupPrice": 1.61,
          "CupMeasure": "100G",
          "CupString": "$1.61 / 100G",
          "InstoreCupString": "$1.61 / 100G",
          "HasCupPrice": true,
          "InstoreHasCupPrice": true,
          "Price": 2.25,
          "InstorePrice": 2.25,
          "Name": "Chobani No Fat Strawberry Greek Yoghurt Pouch",
          "UrlFriendlyName": "chobani-no-fat-strawberry-greek-yoghurt-pouch",
          "Description": " Chobani No Fat Strawberry<br>Greek Yoghurt Pouch 140g",
          "SmallImageFile": "https://cdn0.woolworths.media/content/wowproductimages/small/768123.jpg",
          "MediumImageFile": "https://cdn0.woolworths.media/content/wowproductimages/medium/768123.jpg",
          "LargeImageFile": "https://cdn0.woolworths.media/content/wowproductimages/large/768123.jpg",
          "IsNew": false,
          "IsOnSpecial": false,
          "InstoreIsOnSpecial": false,
          "IsEdrSpecial": false,
          "SavingsAmount": 0,
          "InstoreSavingsAmount": 0,
          "WasPrice": 2.25,
          "InstoreWasPrice": 2.25,
          "QuantityInTrolley": 0,
          "Unit": "Each",
          "MinimumQuantity": 1,
          "HasBeenBoughtBefore": false,
          "IsInTrolley": false,
          "Source": "Aisle.DairyEggsFridge",
          "SupplyLimit": 36,
          "IsRanged": false,
          "IsInStock": true,
          "PackageSize": "140g",
          "IsPmDelivery": true,
          "IsForCollection": true,
          "IsForDelivery": true,
          "IsForExpress": false,
          "ProductRestrictionMessage": null,
          "ProductWarningMessage": null,
          "CentreTag": {
            "TagContent": null,
            "TagLink": null,
            "FallbackText": null,
            "TagType": "None",
            "MultibuyData": null
          },
          "IsCentreTag": false,
          "ImageTag": {
            "TagContent": null,
            "TagLink": null,
            "FallbackText": "",
            "TagType": "None",
            "MultibuyData": null
          },
          "HeaderTag": null,
          "HasHeaderTag": false,
          "UnitWeightInGrams": 150,
          "SupplyLimitMessage": "'Chobani No Fat Strawberry Greek Yoghurt Pouch' has a supply limit of 36. The quantity in your cart has been reduced accordingly. To purchase a larger quantity, please contact us on 1800 000 610. Please note we do not supply trade orders.",
          "SmallFormatDescription": "Chobani No Fat Strawberry Greek Yoghurt Pouch",
          "FullDescription": "Chobani No Fat Strawberry Greek Yoghurt Pouch",
          "IsAvailable": true,
          "InstoreIsAvailable": true,
          "IsPurchasable": true,
          "InstoreIsPurchasable": true,
          "AgeRestricted": false,
          "DisplayQuantity": 1,
          "RichDescription": "We blended succulent strawberries into our low-fat yogurt to create one of our most popular grab'n'go flavours to date.",
          "IsDeliveryPass": false,
          "HideWasSavedPrice": false,
          "SapCategories": null,
          "Brand": "chobani",
          "IsRestrictedByDeliveryMethod": false,
          "FooterTag": {
            "TagContent": null,
            "TagLink": null,
            "FallbackText": null,
            "TagType": "None",
            "MultibuyData": null
          },
          "IsFooterEnabled": true,
          "Diagnostics": "1649",
          "IsBundle": false,
          "IsInFamily": false,
          "ChildProducts": [],
          "UrlOverride": null,
          "AdditionalAttributes": {
            "sapdepartmentname": "FRESH CONVENIENCE",
            "sapdepartmentno": "10",
            "sapcategoryname": "DAIRY - YOGHURT",
            "sapcategoryno": "94",
            "sapsubcategoryname": "DAIRY - YOGHURT SINGLE SERVE",
            "sapsubcategoryno": "848",
            "sapsegmentname": "EVERYDAY POUCH",
            "sapsegmentno": "8",
            "specialsgroupid": null,
            "PiesProductDepartmentNodeId": "1_6E4F4E4",
            "PiesProductDepartmentsjson": "[{\"Id\":\"1_6E4F4E4\",\"Description\":\"Dairy, Eggs & Fridge\"}]",
            "piesdepartmentnamesjson": "[\"Dairy, Eggs & Fridge\"]",
            "piescategorynamesjson": "[\"Yoghurt\",\"Lunch Box\"]",
            "piessubcategorynamesjson": "[\"Healthier Dairy Snacks\",\"Flavoured Yoghurt\"]",
            "servingsize-total-nip": null,
            "servingsperpack-total-nip": null,
            "microwaveable": "False",
            "ovencook": "False",
            "vegetarian": "False",
            "freezable": "False",
            "containsnuts": "False",
            "containsgluten": "False",
            "description": "We blended succulent strawberries into our low-fat yogurt to create one of our most popular grab'n'go flavours to date.",
            "ingredients": "<div>Low Fat Yogurt (80%) [Skim Milk, Live Yogurt Cultures], Strawberry Blend (20%) [Sugar, Strawberry Puree (30%), Water, Vegetable Gums (Fruit Pectin, Locust Bean Gum), Natural Flavours, Carrot And Blackcurrant Juice Concentrate, Acidity Regulators (Lactic Acid, Sodium Citrate), Mineral Salt (Calcium Citrate)]</div>",
            "nutritionalinformation": "{\"Name\":\"Nutritional Information\",\"Attributes\":[{\"Id\":705,\"Name\":\"Carbohydrate Quantity Per 100g - Total - NIP\",\"Value\":\"12.9g\",\"Description\":\"Carbohydrate Quantity Per 100g - Total - NIP\",\"SortOrder\":83},{\"Id\":706,\"Name\":\"Carbohydrate Quantity Per Serve - Total - NIP\",\"Value\":\"18.1g\",\"Description\":\"Carbohydrate Quantity Per Serve - Total - NIP\",\"SortOrder\":87},{\"Id\":759,\"Name\":\"Energy kJ Quantity Per 100g - Total - NIP\",\"Value\":\"360kJ\",\"Description\":\"Energy kJ Quantity Per 100g - Total - NIP\",\"SortOrder\":239},{\"Id\":760,\"Name\":\"Energy kJ Quantity Per Serve - Total - NIP\",\"Value\":\"504kJ\",\"Description\":\"Energy kJ Quantity Per Serve - Total - NIP\",\"SortOrder\":243},{\"Id\":253,\"Name\":\"Fat Saturated Quantity Per 100g - Total - NIP\",\"Value\":\"0.1g\",\"Description\":\"Fat Saturated Quantity Per 100g - Total - NIP\",\"SortOrder\":251},{\"Id\":258,\"Name\":\"Fat Saturated Quantity Per Serve - Total - NIP\",\"Value\":\"0.1g\",\"Description\":\"Fat Saturated Quantity Per Serve - Total - NIP\",\"SortOrder\":255},{\"Id\":764,\"Name\":\"Fat Total Quantity Per 100g - Total - NIP\",\"Value\":\"0.2g\",\"Description\":\"Fat Total Quantity Per 100g - Total - NIP\",\"SortOrder\":263},{\"Id\":264,\"Name\":\"Fat Total Quantity Per Serve - Total - NIP\",\"Value\":\"0.2g\",\"Description\":\"Fat Total Quantity Per Serve - Total - NIP\",\"SortOrder\":267},{\"Id\":878,\"Name\":\"Protein Quantity Per 100g - Total - NIP\",\"Value\":\"7.9g\",\"Description\":\"Protein Quantity Per 100g - Total - NIP\",\"SortOrder\":587},{\"Id\":882,\"Name\":\"Protein Quantity Per Serve - Total - NIP\",\"Value\":\"11.0g\",\"Description\":\"Protein Quantity Per Serve - Total - NIP\",\"SortOrder\":591},{\"Id\":477,\"Name\":\"Serving Size - Total - NIP\",\"Value\":\"140g\",\"Description\":\"Serving Size - Total - NIP\",\"SortOrder\":607},{\"Id\":544,\"Name\":\"Servings Per Pack - Total - NIP\",\"Value\":\"1\",\"Description\":\"Servings Per Pack - Total - NIP\",\"SortOrder\":611},{\"Id\":491,\"Name\":\"Sodium Quantity Per 100g - Total - NIP\",\"Value\":\"31mg\",\"Description\":\"Sodium Quantity Per 100g - Total - NIP\",\"SortOrder\":623},{\"Id\":495,\"Name\":\"Sodium Quantity Per Serve - Total - NIP\",\"Value\":\"44mg\",\"Description\":\"Sodium Quantity Per Serve - Total - NIP\",\"SortOrder\":627},{\"Id\":907,\"Name\":\"Sugars Quantity Per 100g - Prefix - NIP\",\"Value\":\"\",\"Description\":\"Sugars Quantity Per 100g - Prefix - NIP\",\"SortOrder\":645},{\"Id\":908,\"Name\":\"Sugars Quantity Per 100g - SuffixUnits - NIP\",\"Value\":\"g\",\"Description\":\"Sugars Quantity Per 100g - SuffixUnits - NIP\",\"SortOrder\":646},{\"Id\":909,\"Name\":\"Sugars Quantity Per 100g - Total - NIP\",\"Value\":\"12.2g\",\"Description\":\"Sugars Quantity Per 100g - Total - NIP\",\"SortOrder\":647},{\"Id\":910,\"Name\":\"Sugars Quantity Per 100g - ValueWord - NIP\",\"Value\":\"12.2\",\"Description\":\"Sugars Quantity Per 100g - ValueWord - NIP\",\"SortOrder\":648},{\"Id\":504,\"Name\":\"Sugars Quantity Per Serve - Prefix - NIP\",\"Value\":\"\",\"Description\":\"Sugars Quantity Per Serve - Prefix - NIP\",\"SortOrder\":649},{\"Id\":911,\"Name\":\"Sugars Quantity Per Serve - SuffixUnits - NIP\",\"Value\":\"g\",\"Description\":\"Sugars Quantity Per Serve - SuffixUnits - NIP\",\"SortOrder\":650},{\"Id\":912,\"Name\":\"Sugars Quantity Per Serve - Total - NIP\",\"Value\":\"17.0g\",\"Description\":\"Sugars Quantity Per Serve - Total - NIP\",\"SortOrder\":651},{\"Id\":572,\"Name\":\"Sugars Quantity Per Serve - ValueWord - NIP\",\"Value\":\"17.0\",\"Description\":\"Sugars Quantity Per Serve - ValueWord - NIP\",\"SortOrder\":652}]}",
            "storageinstructions": "Keep Refrigerated",
            "usageinstructions": null,
            "brand": "chobani",
            "manufacturer": null,
            "countryoforigin": null,
            "productheightmm": null,
            "productwidthmm": null,
            "productdepthmm": null,
            "wool_productpackaging": null,
            "recyclableinformation": null,
            "importantinformation": null,
            "allergencontains": "Milk",
            "allergenmaybepresent": "Gluten",
            "allergystatement": "No Artificial Preservatives",
            "lifestyleanddietarystatement": "Low Saturated Fat",
            "lifestyleclaim": null,
            "wool_dietaryclaim": "Free from preservatives. Free from artificial colour. Free from artificial flavour",
            "boxedcontents": null,
            "suitablefor": null,
            "fragrance": null,
            "colour": null,
            "antioxidant": "False",
            "addedvitaminsandminerals": "False",
            "bpafree": "False",
            "sulfatefree": "False",
            "parabenfree": "False",
            "claims": null,
            "alcoholfree": null,
            "anti-dandruff": null,
            "dermatologicallyapproved": null,
            "dermatologistrecommended": null,
            "dermatologisttested": null,
            "fragrance-free": null,
            "haircolour": null,
            "hairtype": null,
            "hypo-allergenic": null,
            "non-comedogenic": null,
            "oilfree": null,
            "ophthalmologistapproved": null,
            "ophthalmologisttested": null,
            "paba-free": null,
            "skincondition": null,
            "skintype": null,
            "soap-free": null,
            "spf": null,
            "sweatresistant": null,
            "timer": null,
            "waterresistant": null,
            "phbalanced": null,
            "antiseptic": "False",
            "antibacterial": "False",
            "activeconstituents": null,
            "contains": null,
            "microwavesafe": "False",
            "productimagecount": "2",
            "friendlydisclaimer": null,
            "productimages": "768123.jpg,768123_2.jpg",
            "healthstarrating": "0",
            "tgawarnings": null,
            "vendorarticleid": null,
            "vendorcostprice": null,
            "tgawarning": null
          },
          "DetailsImagePaths": [
            "https://cdn0.woolworths.media/content/wowproductimages/large/768123.jpg",
            "https://cdn0.woolworths.media/content/wowproductimages/large/768123_2.jpg"
          ],
          "Variety": "greek yoghurt pouch",
          "Rating": {
            "ReviewCount": 0,
            "RatingCount": 0,
            "RatingSum": 0,
            "OneStarCount": 0,
            "TwoStarCount": 0,
            "ThreeStarCount": 0,
            "FourStarCount": 0,
            "FiveStarCount": 0,
            "Average": 0,
            "OneStarPercentage": 0,
            "TwoStarPercentage": 0,
            "ThreeStarPercentage": 0,
            "FourStarPercentage": 0,
            "FiveStarPercentage": 0
          },
          "HasProductSubs": false,
          "IsSponsoredAd": false,
          "AdID": null,
          "AdIndex": null,
          "ThirdPartyProductInfo": null,
          "MarketFeatures": null,
          "MarketSpecifications": null
        }
      ],
      "Name": "Chobani No Fat Strawberry Greek Yoghurt Pouch"
    },
    {
      "Products": [
        {
          "TileID": 0,
          "Stockcode": 113961,
          "Barcode": "9344808001021",
          "GtinFormat": 13,
          "CupPrice": 1.32,
          "InstoreCupPrice": 1.32,
          "CupMeasure": "100G",
          "CupString": "$1.32 / 100G",
          "InstoreCupString": "$1.32 / 100G",
          "HasCupPrice": true,
          "InstoreHasCupPrice": true,
          "Price": 2.25,
          "InstorePrice": 2.25,
          "Name": "Picante Jalapeno & Sour Cream With Fresh Coriander",
          "UrlFriendlyName": "picante-jalapeno-sour-cream-with-fresh-coriander",
          "Description": " Picante Jalapeno & Sour<br>Cream With Fresh... 170g",
          "SmallImageFile": "https://cdn0.woolworths.media/content/wowproductimages/small/113961.jpg",
          "MediumImageFile": "https://cdn0.woolworths.media/content/wowproductimages/medium/113961.jpg",
          "LargeImageFile": "https://cdn0.woolworths.media/content/wowproductimages/large/113961.jpg",
          "IsNew": false,
          "IsOnSpecial": true,
          "InstoreIsOnSpecial": true,
          "IsEdrSpecial": false,
          "SavingsAmount": 2.25,
          "InstoreSavingsAmount": 2.25,
          "WasPrice": 4.5,
          "InstoreWasPrice": 4.5,
          "QuantityInTrolley": 0,
          "Unit": "Each",
          "MinimumQuantity": 1,
          "HasBeenBoughtBefore": false,
          "IsInTrolley": false,
          "Source": "Aisle.DairyEggsFridge",
          "SupplyLimit": 36,
          "IsRanged": false,
          "IsInStock": true,
          "PackageSize": "170g",
          "IsPmDelivery": false,
          "IsForCollection": true,
          "IsForDelivery": true,
          "IsForExpress": false,
          "ProductRestrictionMessage": null,
          "ProductWarningMessage": null,
          "CentreTag": {
            "TagContent": null,
            "TagLink": null,
            "FallbackText": null,
            "TagType": "None",
            "MultibuyData": null
          },
          "IsCentreTag": false,
          "ImageTag": {
            "TagContent": "/content/promotiontags/roundel-half-price-200x200.png",
            "TagLink": "",
            "FallbackText": "Half Price",
            "TagType": "None",
            "MultibuyData": null
          },
          "HeaderTag": {
            "BackgroundColor": "#fd0",
            "BorderColor": "#fd0",
            "TextColor": "#000",
            "Content": "Save $2.25",
            "TagLink": null,
            "Promotion": "Special"
          },
          "HasHeaderTag": true,
          "UnitWeightInGrams": 170,
          "SupplyLimitMessage": "'Picante Jalapeno & Sour Cream With Fresh Coriander' has a supply limit of 36. The quantity in your cart has been reduced accordingly. To purchase a larger quantity, please contact us on 1800 000 610. Please note we do not supply trade orders.",
          "SmallFormatDescription": "Picante Jalapeno & Sour Cream With Fresh Coriander",
          "FullDescription": "Picante Jalapeno & Sour Cream With Fresh Coriander",
          "IsAvailable": true,
          "InstoreIsAvailable": true,
          "IsPurchasable": true,
          "InstoreIsPurchasable": true,
          "AgeRestricted": false,
          "DisplayQuantity": 1,
          "RichDescription": null,
          "IsDeliveryPass": false,
          "HideWasSavedPrice": false,
          "SapCategories": null,
          "Brand": "picante",
          "IsRestrictedByDeliveryMethod": false,
          "FooterTag": {
            "TagContent": null,
            "TagLink": null,
            "FallbackText": null,
            "TagType": "None",
            "MultibuyData": null
          },
          "IsFooterEnabled": false,
          "Diagnostics": "1650",
          "IsBundle": false,
          "IsInFamily": false,
          "ChildProducts": [],
          "UrlOverride": null,
          "AdditionalAttributes": {
            "sapdepartmentname": "FRESH CONVENIENCE",
            "sapdepartmentno": "10",
            "sapcategoryname": "DAIRY - ENTERTAINING",
            "sapcategoryno": "17",
            "sapsubcategoryname": "DAIRY - DIPS",
            "sapsubcategoryno": "865",
            "sapsegmentname": "PREMIUM",
            "sapsegmentno": "30",
            "specialsgroupid": "3658",
            "PiesProductDepartmentNodeId": "1_6E4F4E4",
            "PiesProductDepartmentsjson": "[{\"Id\":\"1_6E4F4E4\",\"Description\":\"Dairy, Eggs & Fridge\"}]",
            "piesdepartmentnamesjson": "[\"Dairy, Eggs & Fridge\"]",
            "piescategorynamesjson": "[\"Dips & Pate\"]",
            "piessubcategorynamesjson": "[\"Dips\"]",
            "servingsize-total-nip": null,
            "servingsperpack-total-nip": null,
            "microwaveable": "False",
            "ovencook": "False",
            "vegetarian": "False",
            "freezable": "False",
            "containsnuts": "False",
            "containsgluten": "False",
            "description": null,
            "ingredients": null,
            "nutritionalinformation": null,
            "storageinstructions": null,
            "usageinstructions": null,
            "brand": "picante",
            "manufacturer": null,
            "countryoforigin": null,
            "productheightmm": null,
            "productwidthmm": null,
            "productdepthmm": null,
            "wool_productpackaging": null,
            "recyclableinformation": null,
            "importantinformation": null,
            "allergencontains": null,
            "allergenmaybepresent": null,
            "allergystatement": null,
            "lifestyleanddietarystatement": null,
            "lifestyleclaim": null,
            "wool_dietaryclaim": null,
            "boxedcontents": null,
            "suitablefor": null,
            "fragrance": null,
            "colour": null,
            "antioxidant": "False",
            "addedvitaminsandminerals": "False",
            "bpafree": "False",
            "sulfatefree": "False",
            "parabenfree": "False",
            "claims": null,
            "alcoholfree": null,
            "anti-dandruff": null,
            "dermatologicallyapproved": null,
            "dermatologistrecommended": null,
            "dermatologisttested": null,
            "fragrance-free": null,
            "haircolour": null,
            "hairtype": null,
            "hypo-allergenic": null,
            "non-comedogenic": null,
            "oilfree": null,
            "ophthalmologistapproved": null,
            "ophthalmologisttested": null,
            "paba-free": null,
            "skincondition": null,
            "skintype": null,
            "soap-free": null,
            "spf": null,
            "sweatresistant": null,
            "timer": null,
            "waterresistant": null,
            "phbalanced": null,
            "antiseptic": "False",
            "antibacterial": "False",
            "activeconstituents": null,
            "contains": null,
            "microwavesafe": "False",
            "productimagecount": "3",
            "friendlydisclaimer": null,
            "productimages": "113961.jpg,113961_1.jpg,113961_2.jpg",
            "healthstarrating": "0",
            "tgawarnings": null,
            "vendorarticleid": null,
            "vendorcostprice": null,
            "tgawarning": null
          },
          "DetailsImagePaths": [
            "https://cdn0.woolworths.media/content/wowproductimages/large/113961.jpg",
            "https://cdn0.woolworths.media/content/wowproductimages/large/113961_1.jpg",
            "https://cdn0.woolworths.media/content/wowproductimages/large/113961_2.jpg"
          ],
          "Variety": "fresh coriander",
          "Rating": {
            "ReviewCount": 0,
            "RatingCount": 0,
            "RatingSum": 0,
            "OneStarCount": 0,
            "TwoStarCount": 0,
            "ThreeStarCount": 0,
            "FourStarCount": 0,
            "FiveStarCount": 0,
            "Average": 0,
            "OneStarPercentage": 0,
            "TwoStarPercentage": 0,
            "ThreeStarPercentage": 0,
            "FourStarPercentage": 0,
            "FiveStarPercentage": 0
          },
          "HasProductSubs": false,
          "IsSponsoredAd": false,
          "AdID": null,
          "AdIndex": null,
          "ThirdPartyProductInfo": null,
          "MarketFeatures": null,
          "MarketSpecifications": null
        }
      ],
      "Name": "Picante Jalapeno & Sour Cream With Fresh Coriander"
    },
    {
      "Products": [
        {
          "TileID": 0,
          "Stockcode": 114549,
          "Barcode": "9344808001014",
          "GtinFormat": 13,
          "CupPrice": 1.32,
          "InstoreCupPrice": 1.32,
          "CupMeasure": "100G",
          "CupString": "$1.32 / 100G",
          "InstoreCupString": "$1.32 / 100G",
          "HasCupPrice": true,
          "InstoreHasCupPrice": true,
          "Price": 2.25,
          "InstorePrice": 2.25,
          "Name": "Picante Chargrilled Sweet Corn Black Bean With Jalapeno & Lime",
          "UrlFriendlyName": "picante-chargrilled-sweet-corn-black-bean-with-jalapeno-lime",
          "Description": " Picante Chargrilled Sweet<br>Corn Black Bean... 170g",
          "SmallImageFile": "https://cdn0.woolworths.media/content/wowproductimages/small/114549.jpg",
          "MediumImageFile": "https://cdn0.woolworths.media/content/wowproductimages/medium/114549.jpg",
          "LargeImageFile": "https://cdn0.woolworths.media/content/wowproductimages/large/114549.jpg",
          "IsNew": false,
          "IsOnSpecial": true,
          "InstoreIsOnSpecial": true,
          "IsEdrSpecial": false,
          "SavingsAmount": 2.25,
          "InstoreSavingsAmount": 2.25,
          "WasPrice": 4.5,
          "InstoreWasPrice": 4.5,
          "QuantityInTrolley": 0,
          "Unit": "Each",
          "MinimumQuantity": 1,
          "HasBeenBoughtBefore": false,
          "IsInTrolley": false,
          "Source": "Aisle.DairyEggsFridge",
          "SupplyLimit": 36,
          "IsRanged": false,
          "IsInStock": true,
          "PackageSize": "170g",
          "IsPmDelivery": false,
          "IsForCollection": true,
          "IsForDelivery": true,
          "IsForExpress": false,
          "ProductRestrictionMessage": null,
          "ProductWarningMessage": null,
          "CentreTag": {
            "TagContent": null,
            "TagLink": null,
            "FallbackText": null,
            "TagType": "None",
            "MultibuyData": null
          },
          "IsCentreTag": false,
          "ImageTag": {
            "TagContent": "/content/promotiontags/roundel-half-price-200x200.png",
            "TagLink": "",
            "FallbackText": "Half Price",
            "TagType": "None",
            "MultibuyData": null
          },
          "HeaderTag": {
            "BackgroundColor": "#fd0",
            "BorderColor": "#fd0",
            "TextColor": "#000",
            "Content": "Save $2.25",
            "TagLink": null,
            "Promotion": "Special"
          },
          "HasHeaderTag": true,
          "UnitWeightInGrams": 170,
          "SupplyLimitMessage": "'Picante Chargrilled Sweet Corn Black Bean With Jalapeno & Lime' has a supply limit of 36. The quantity in your cart has been reduced accordingly. To purchase a larger quantity, please contact us on 1800 000 610. Please note we do not supply trade orders.",
          "SmallFormatDescription": "Picante Chargrilled Sweet Corn Black Bean With Jalapeno & Lime",
          "FullDescription": "Picante Chargrilled Sweet Corn Black Bean With Jalapeno & Lime",
          "IsAvailable": true,
          "InstoreIsAvailable": true,
          "IsPurchasable": true,
          "InstoreIsPurchasable": true,
          "AgeRestricted": false,
          "DisplayQuantity": 1,
          "RichDescription": null,
          "IsDeliveryPass": false,
          "HideWasSavedPrice": false,
          "SapCategories": null,
          "Brand": "picante",
          "IsRestrictedByDeliveryMethod": false,
          "FooterTag": {
            "TagContent": null,
            "TagLink": null,
            "FallbackText": null,
            "TagType": "None",
            "MultibuyData": null
          },
          "IsFooterEnabled": false,
          "Diagnostics": "1651",
          "IsBundle": false,
          "IsInFamily": false,
          "ChildProducts": [],
          "UrlOverride": null,
          "AdditionalAttributes": {
            "sapdepartmentname": "FRESH CONVENIENCE",
            "sapdepartmentno": "10",
            "sapcategoryname": "DAIRY - ENTERTAINING",
            "sapcategoryno": "17",
            "sapsubcategoryname": "DAIRY - DIPS",
            "sapsubcategoryno": "865",
            "sapsegmentname": "PREMIUM",
            "sapsegmentno": "30",
            "specialsgroupid": "3658",
            "PiesProductDepartmentNodeId": "1_6E4F4E4",
            "PiesProductDepartmentsjson": "[{\"Id\":\"1_6E4F4E4\",\"Description\":\"Dairy, Eggs & Fridge\"}]",
            "piesdepartmentnamesjson": "[\"Dairy, Eggs & Fridge\"]",
            "piescategorynamesjson": "[\"Dips & Pate\"]",
            "piessubcategorynamesjson": "[\"Dips\"]",
            "servingsize-total-nip": null,
            "servingsperpack-total-nip": null,
            "microwaveable": "False",
            "ovencook": "False",
            "vegetarian": "False",
            "freezable": "False",
            "containsnuts": "False",
            "containsgluten": "False",
            "description": null,
            "ingredients": null,
            "nutritionalinformation": null,
            "storageinstructions": null,
            "usageinstructions": null,
            "brand": "picante",
            "manufacturer": null,
            "countryoforigin": null,
            "productheightmm": null,
            "productwidthmm": null,
            "productdepthmm": null,
            "wool_productpackaging": null,
            "recyclableinformation": null,
            "importantinformation": null,
            "allergencontains": null,
            "allergenmaybepresent": null,
            "allergystatement": null,
            "lifestyleanddietarystatement": null,
            "lifestyleclaim": null,
            "wool_dietaryclaim": null,
            "boxedcontents": null,
            "suitablefor": null,
            "fragrance": null,
            "colour": null,
            "antioxidant": "False",
            "addedvitaminsandminerals": "False",
            "bpafree": "False",
            "sulfatefree": "False",
            "parabenfree": "False",
            "claims": null,
            "alcoholfree": null,
            "anti-dandruff": null,
            "dermatologicallyapproved": null,
            "dermatologistrecommended": null,
            "dermatologisttested": null,
            "fragrance-free": null,
            "haircolour": null,
            "hairtype": null,
            "hypo-allergenic": null,
            "non-comedogenic": null,
            "oilfree": null,
            "ophthalmologistapproved": null,
            "ophthalmologisttested": null,
            "paba-free": null,
            "skincondition": null,
            "skintype": null,
            "soap-free": null,
            "spf": null,
            "sweatresistant": null,
            "timer": null,
            "waterresistant": null,
            "phbalanced": null,
            "antiseptic": "False",
            "antibacterial": "False",
            "activeconstituents": null,
            "contains": null,
            "microwavesafe": "False",
            "productimagecount": "3",
            "friendlydisclaimer": null,
            "productimages": "114549.jpg,114549_1.jpg,114549_2.jpg",
            "healthstarrating": "0",
            "tgawarnings": null,
            "vendorarticleid": null,
            "vendorcostprice": null,
            "tgawarning": null
          },
          "DetailsImagePaths": [
            "https://cdn0.woolworths.media/content/wowproductimages/large/114549.jpg",
            "https://cdn0.woolworths.media/content/wowproductimages/large/114549_1.jpg",
            "https://cdn0.woolworths.media/content/wowproductimages/large/114549_2.jpg"
          ],
          "Variety": "bean with jalapeno & lime",
          "Rating": {
            "ReviewCount": 0,
            "RatingCount": 0,
            "RatingSum": 0,
            "OneStarCount": 0,
            "TwoStarCount": 0,
            "ThreeStarCount": 0,
            "FourStarCount": 0,
            "FiveStarCount": 0,
            "Average": 0,
            "OneStarPercentage": 0,
            "TwoStarPercentage": 0,
            "ThreeStarPercentage": 0,
            "FourStarPercentage": 0,
            "FiveStarPercentage": 0
          },
          "HasProductSubs": false,
          "IsSponsoredAd": false,
          "AdID": null,
          "AdIndex": null,
          "ThirdPartyProductInfo": null,
          "MarketFeatures": null,
          "MarketSpecifications": null
        }
      ],
      "Name": "Picante Chargrilled Sweet Corn Black Bean With Jalapeno & Lime"
    },
    {
      "Products": [
        {
          "TileID": 0,
          "Stockcode": 926531,
          "Barcode": "9310653103418",
          "GtinFormat": 13,
          "CupPrice": 1.61,
          "InstoreCupPrice": 1.61,
          "CupMeasure": "100G",
          "CupString": "$1.61 / 100G",
          "InstoreCupString": "$1.61 / 100G",
          "HasCupPrice": true,
          "InstoreHasCupPrice": true,
          "Price": 2.25,
          "InstorePrice": 2.25,
          "Name": "Chobani Vanilla Yoghurt Pouch",
          "UrlFriendlyName": "chobani-vanilla-yoghurt-pouch",
          "Description": " Chobani Vanilla Yoghurt<br>Pouch 140g",
          "SmallImageFile": "https://cdn0.woolworths.media/content/wowproductimages/small/926531.jpg",
          "MediumImageFile": "https://cdn0.woolworths.media/content/wowproductimages/medium/926531.jpg",
          "LargeImageFile": "https://cdn0.woolworths.media/content/wowproductimages/large/926531.jpg",
          "IsNew": false,
          "IsOnSpecial": false,
          "InstoreIsOnSpecial": false,
          "IsEdrSpecial": false,
          "SavingsAmount": 0,
          "InstoreSavingsAmount": 0,
          "WasPrice": 2.25,
          "InstoreWasPrice": 2.25,
          "QuantityInTrolley": 0,
          "Unit": "Each",
          "MinimumQuantity": 1,
          "HasBeenBoughtBefore": false,
          "IsInTrolley": false,
          "Source": "Aisle.DairyEggsFridge",
          "SupplyLimit": 36,
          "IsRanged": false,
          "IsInStock": true,
          "PackageSize": "140g",
          "IsPmDelivery": true,
          "IsForCollection": true,
          "IsForDelivery": true,
          "IsForExpress": false,
          "ProductRestrictionMessage": null,
          "ProductWarningMessage": null,
          "CentreTag": {
            "TagContent": null,
            "TagLink": null,
            "FallbackText": null,
            "TagType": "None",
            "MultibuyData": null
          },
          "IsCentreTag": false,
          "ImageTag": {
            "TagContent": null,
            "TagLink": null,
            "FallbackText": "",
            "TagType": "None",
            "MultibuyData": null
          },
          "HeaderTag": null,
          "HasHeaderTag": false,
          "UnitWeightInGrams": 150,
          "SupplyLimitMessage": "'Chobani Vanilla Yoghurt Pouch' has a supply limit of 36. The quantity in your cart has been reduced accordingly. To purchase a larger quantity, please contact us on 1800 000 610. Please note we do not supply trade orders.",
          "SmallFormatDescription": "Chobani Vanilla Yoghurt Pouch",
          "FullDescription": "Chobani Vanilla Yoghurt Pouch",
          "IsAvailable": true,
          "InstoreIsAvailable": true,
          "IsPurchasable": true,
          "InstoreIsPurchasable": true,
          "AgeRestricted": false,
          "DisplayQuantity": 1,
          "RichDescription": "Chobani Greek Yogurt Vanilla is high in natural protein, contain less than 0.5% fat and good source of calcium. <br> At Chobani, we believe yogurt should be simple.<br /><br />We use just milk and cultures to make our yoghurt , which we strain using a centuries-old authentic process to make it deliciously thick and high in protein.<br /><br />It takes 3 cups of milk to make 1 cup of Chobani Yogurt.<br /><br />- No preservatives, artificial colours or flavours.",
          "IsDeliveryPass": false,
          "HideWasSavedPrice": false,
          "SapCategories": null,
          "Brand": "chobani",
          "IsRestrictedByDeliveryMethod": false,
          "FooterTag": {
            "TagContent": null,
            "TagLink": null,
            "FallbackText": null,
            "TagType": "None",
            "MultibuyData": null
          },
          "IsFooterEnabled": true,
          "Diagnostics": "1652",
          "IsBundle": false,
          "IsInFamily": false,
          "ChildProducts": [],
          "UrlOverride": null,
          "AdditionalAttributes": {
            "sapdepartmentname": "FRESH CONVENIENCE",
            "sapdepartmentno": "10",
            "sapcategoryname": "DAIRY - YOGHURT",
            "sapcategoryno": "94",
            "sapsubcategoryname": "DAIRY - YOGHURT SINGLE SERVE",
            "sapsubcategoryno": "848",
            "sapsegmentname": "EVERYDAY POUCH",
            "sapsegmentno": "8",
            "specialsgroupid": null,
            "PiesProductDepartmentNodeId": "1_6E4F4E4",
            "PiesProductDepartmentsjson": "[{\"Id\":\"1_6E4F4E4\",\"Description\":\"Dairy, Eggs & Fridge\"}]",
            "piesdepartmentnamesjson": "[\"Dairy, Eggs & Fridge\"]",
            "piescategorynamesjson": "[\"Lunch Box\",\"Yoghurt\"]",
            "piessubcategorynamesjson": "[\"Low & No Fat Yoghurt\",\"Healthier Dairy Snacks\"]",
            "servingsize-total-nip": null,
            "servingsperpack-total-nip": null,
            "microwaveable": "False",
            "ovencook": "False",
            "vegetarian": "False",
            "freezable": "False",
            "containsnuts": "False",
            "containsgluten": "False",
            "description": "Chobani Greek Yogurt Vanilla is high in natural protein, contain less than 0.5% fat and good source of calcium. <br> At Chobani, we believe yogurt should be simple.<br /><br />We use just milk and cultures to make our yoghurt , which we strain using a centuries-old authentic process to make it deliciously thick and high in protein.<br /><br />It takes 3 cups of milk to make 1 cup of Chobani Yogurt.<br /><br />- No preservatives, artificial colours or flavours.",
            "ingredients": "Low Fat Yogurt (88%), Vanilla Flavoured Blend (12%). <br>Ingredients: Low Fat Yogurt (88%) [Skim Milk, Live Yogurt Cultures], Vanilla Flavoured Blend (12%) [Sugar, Water, Natural Flavours, Vegetable Gums (Fruit Pectin, Locust Bean Gum), Lermon Juice Concentrate, Vanilla Extract, Mineral Salt (Calcium Citrate).",
            "nutritionalinformation": "{\"Name\":\"Nutritional Information\",\"Attributes\":[{\"Id\":705,\"Name\":\"Carbohydrate Quantity Per 100g - Total - NIP\",\"Value\":\"11.5g\",\"Description\":\"Carbohydrate Quantity Per 100g - Total - NIP\",\"SortOrder\":83},{\"Id\":706,\"Name\":\"Carbohydrate Quantity Per Serve - Total - NIP\",\"Value\":\"16.2g\",\"Description\":\"Carbohydrate Quantity Per Serve - Total - NIP\",\"SortOrder\":87},{\"Id\":759,\"Name\":\"Energy kJ Quantity Per 100g - Total - NIP\",\"Value\":\"349kJ\",\"Description\":\"Energy kJ Quantity Per 100g - Total - NIP\",\"SortOrder\":239},{\"Id\":760,\"Name\":\"Energy kJ Quantity Per Serve - Total - NIP\",\"Value\":\"489kJ\",\"Description\":\"Energy kJ Quantity Per Serve - Total - NIP\",\"SortOrder\":243},{\"Id\":253,\"Name\":\"Fat Saturated Quantity Per 100g - Total - NIP\",\"Value\":\"0.1g\",\"Description\":\"Fat Saturated Quantity Per 100g - Total - NIP\",\"SortOrder\":251},{\"Id\":258,\"Name\":\"Fat Saturated Quantity Per Serve - Total - NIP\",\"Value\":\"0.1g\",\"Description\":\"Fat Saturated Quantity Per Serve - Total - NIP\",\"SortOrder\":255},{\"Id\":764,\"Name\":\"Fat Total Quantity Per 100g - Total - NIP\",\"Value\":\"0.2g\",\"Description\":\"Fat Total Quantity Per 100g - Total - NIP\",\"SortOrder\":263},{\"Id\":264,\"Name\":\"Fat Total Quantity Per Serve - Total - NIP\",\"Value\":\"0.3g\",\"Description\":\"Fat Total Quantity Per Serve - Total - NIP\",\"SortOrder\":267},{\"Id\":878,\"Name\":\"Protein Quantity Per 100g - Total - NIP\",\"Value\":\"8.5g\",\"Description\":\"Protein Quantity Per 100g - Total - NIP\",\"SortOrder\":587},{\"Id\":882,\"Name\":\"Protein Quantity Per Serve - Total - NIP\",\"Value\":\"12.0g\",\"Description\":\"Protein Quantity Per Serve - Total - NIP\",\"SortOrder\":591},{\"Id\":477,\"Name\":\"Serving Size - Total - NIP\",\"Value\":\"140g\",\"Description\":\"Serving Size - Total - NIP\",\"SortOrder\":607},{\"Id\":544,\"Name\":\"Servings Per Pack - Total - NIP\",\"Value\":\"1\",\"Description\":\"Servings Per Pack - Total - NIP\",\"SortOrder\":611},{\"Id\":491,\"Name\":\"Sodium Quantity Per 100g - Total - NIP\",\"Value\":\"29mg\",\"Description\":\"Sodium Quantity Per 100g - Total - NIP\",\"SortOrder\":623},{\"Id\":495,\"Name\":\"Sodium Quantity Per Serve - Total - NIP\",\"Value\":\"40mg\",\"Description\":\"Sodium Quantity Per Serve - Total - NIP\",\"SortOrder\":627},{\"Id\":907,\"Name\":\"Sugars Quantity Per 100g - Prefix - NIP\",\"Value\":\"\",\"Description\":\"Sugars Quantity Per 100g - Prefix - NIP\",\"SortOrder\":645},{\"Id\":908,\"Name\":\"Sugars Quantity Per 100g - SuffixUnits - NIP\",\"Value\":\"g\",\"Description\":\"Sugars Quantity Per 100g - SuffixUnits - NIP\",\"SortOrder\":646},{\"Id\":909,\"Name\":\"Sugars Quantity Per 100g - Total - NIP\",\"Value\":\"10.4g\",\"Description\":\"Sugars Quantity Per 100g - Total - NIP\",\"SortOrder\":647},{\"Id\":910,\"Name\":\"Sugars Quantity Per 100g - ValueWord - NIP\",\"Value\":\"10.4\",\"Description\":\"Sugars Quantity Per 100g - ValueWord - NIP\",\"SortOrder\":648},{\"Id\":504,\"Name\":\"Sugars Quantity Per Serve - Prefix - NIP\",\"Value\":\"\",\"Description\":\"Sugars Quantity Per Serve - Prefix - NIP\",\"SortOrder\":649},{\"Id\":911,\"Name\":\"Sugars Quantity Per Serve - SuffixUnits - NIP\",\"Value\":\"g\",\"Description\":\"Sugars Quantity Per Serve - SuffixUnits - NIP\",\"SortOrder\":650},{\"Id\":912,\"Name\":\"Sugars Quantity Per Serve - Total - NIP\",\"Value\":\"14.6g\",\"Description\":\"Sugars Quantity Per Serve - Total - NIP\",\"SortOrder\":651},{\"Id\":572,\"Name\":\"Sugars Quantity Per Serve - ValueWord - NIP\",\"Value\":\"14.6\",\"Description\":\"Sugars Quantity Per Serve - ValueWord - NIP\",\"SortOrder\":652}]}",
            "storageinstructions": "Keep refrigerated at or below 4°C.",
            "usageinstructions": null,
            "brand": "chobani",
            "manufacturer": null,
            "countryoforigin": null,
            "productheightmm": null,
            "productwidthmm": null,
            "productdepthmm": null,
            "wool_productpackaging": null,
            "recyclableinformation": null,
            "importantinformation": null,
            "allergencontains": "Milk",
            "allergenmaybepresent": "Gluten",
            "allergystatement": "Egg Free",
            "lifestyleanddietarystatement": "Vegetarian",
            "lifestyleclaim": null,
            "wool_dietaryclaim": "No Artificial Colours, No Artificial Flavours, No Preservatives, High Protein, Source of Calcium",
            "boxedcontents": null,
            "suitablefor": null,
            "fragrance": null,
            "colour": null,
            "antioxidant": "False",
            "addedvitaminsandminerals": "False",
            "bpafree": "False",
            "sulfatefree": "False",
            "parabenfree": "False",
            "claims": null,
            "alcoholfree": null,
            "anti-dandruff": null,
            "dermatologicallyapproved": null,
            "dermatologistrecommended": null,
            "dermatologisttested": null,
            "fragrance-free": null,
            "haircolour": null,
            "hairtype": null,
            "hypo-allergenic": null,
            "non-comedogenic": null,
            "oilfree": null,
            "ophthalmologistapproved": null,
            "ophthalmologisttested": null,
            "paba-free": null,
            "skincondition": null,
            "skintype": null,
            "soap-free": null,
            "spf": null,
            "sweatresistant": null,
            "timer": null,
            "waterresistant": null,
            "phbalanced": null,
            "antiseptic": "False",
            "antibacterial": "False",
            "activeconstituents": null,
            "contains": null,
            "microwavesafe": "False",
            "productimagecount": "2",
            "friendlydisclaimer": null,
            "productimages": "926531.jpg,926531_2.jpg",
            "healthstarrating": "0",
            "tgawarnings": null,
            "vendorarticleid": null,
            "vendorcostprice": null,
            "tgawarning": null
          },
          "DetailsImagePaths": [
            "https://cdn0.woolworths.media/content/wowproductimages/large/926531.jpg",
            "https://cdn0.woolworths.media/content/wowproductimages/large/926531_2.jpg"
          ],
          "Variety": "yoghurt pouch",
          "Rating": {
            "ReviewCount": 0,
            "RatingCount": 0,
            "RatingSum": 0,
            "OneStarCount": 0,
            "TwoStarCount": 0,
            "ThreeStarCount": 0,
            "FourStarCount": 0,
            "FiveStarCount": 0,
            "Average": 0,
            "OneStarPercentage": 0,
            "TwoStarPercentage": 0,
            "ThreeStarPercentage": 0,
            "FourStarPercentage": 0,
            "FiveStarPercentage": 0
          },
          "HasProductSubs": false,
          "IsSponsoredAd": false,
          "AdID": null,
          "AdIndex": null,
          "ThirdPartyProductInfo": null,
          "MarketFeatures": null,
          "MarketSpecifications": null
        }
      ],
      "Name": "Chobani Vanilla Yoghurt Pouch"
    },
    {
      "Products": [
        {
          "TileID": 0,
          "Stockcode": 795069,
          "Barcode": "9310653103203",
          "GtinFormat": 13,
          "CupPrice": 1.61,
          "InstoreCupPrice": 1.61,
          "CupMeasure": "100G",
          "CupString": "$1.61 / 100G",
          "InstoreCupString": "$1.61 / 100G",
          "HasCupPrice": true,
          "InstoreHasCupPrice": true,
          "Price": 2.25,
          "InstorePrice": 2.25,
          "Name": "Chobani No Fat Raspberry Yoghurt Pouch",
          "UrlFriendlyName": "chobani-no-fat-raspberry-yoghurt-pouch",
          "Description": " Chobani No Fat Raspberry<br>Yoghurt Pouch 140g",
          "SmallImageFile": "https://cdn0.woolworths.media/content/wowproductimages/small/795069.jpg",
          "MediumImageFile": "https://cdn0.woolworths.media/content/wowproductimages/medium/795069.jpg",
          "LargeImageFile": "https://cdn0.woolworths.media/content/wowproductimages/large/795069.jpg",
          "IsNew": false,
          "IsOnSpecial": false,
          "InstoreIsOnSpecial": false,
          "IsEdrSpecial": false,
          "SavingsAmount": 0,
          "InstoreSavingsAmount": 0,
          "WasPrice": 2.25,
          "InstoreWasPrice": 2.25,
          "QuantityInTrolley": 0,
          "Unit": "Each",
          "MinimumQuantity": 1,
          "HasBeenBoughtBefore": false,
          "IsInTrolley": false,
          "Source": "Aisle.DairyEggsFridge",
          "SupplyLimit": 36,
          "IsRanged": false,
          "IsInStock": true,
          "PackageSize": "140g",
          "IsPmDelivery": true,
          "IsForCollection": true,
          "IsForDelivery": true,
          "IsForExpress": false,
          "ProductRestrictionMessage": null,
          "ProductWarningMessage": null,
          "CentreTag": {
            "TagContent": null,
            "TagLink": null,
            "FallbackText": null,
            "TagType": "None",
            "MultibuyData": null
          },
          "IsCentreTag": false,
          "ImageTag": {
            "TagContent": null,
            "TagLink": null,
            "FallbackText": "",
            "TagType": "None",
            "MultibuyData": null
          },
          "HeaderTag": null,
          "HasHeaderTag": false,
          "UnitWeightInGrams": 150,
          "SupplyLimitMessage": "'Chobani No Fat Raspberry Yoghurt Pouch' has a supply limit of 36. The quantity in your cart has been reduced accordingly. To purchase a larger quantity, please contact us on 1800 000 610. Please note we do not supply trade orders.",
          "SmallFormatDescription": "Chobani No Fat Raspberry Yoghurt Pouch",
          "FullDescription": "Chobani No Fat Raspberry Yoghurt Pouch",
          "IsAvailable": true,
          "InstoreIsAvailable": true,
          "IsPurchasable": true,
          "InstoreIsPurchasable": true,
          "AgeRestricted": false,
          "DisplayQuantity": 1,
          "RichDescription": "We've captured the taste of ripe raspberries and paired it with our creamy 0.5% fat plain yogurt for a handy Cho-On-The-Go. Talk about sweet success!",
          "IsDeliveryPass": false,
          "HideWasSavedPrice": false,
          "SapCategories": null,
          "Brand": "chobani",
          "IsRestrictedByDeliveryMethod": false,
          "FooterTag": {
            "TagContent": null,
            "TagLink": null,
            "FallbackText": null,
            "TagType": "None",
            "MultibuyData": null
          },
          "IsFooterEnabled": true,
          "Diagnostics": "1653",
          "IsBundle": false,
          "IsInFamily": false,
          "ChildProducts": [],
          "UrlOverride": null,
          "AdditionalAttributes": {
            "sapdepartmentname": "FRESH CONVENIENCE",
            "sapdepartmentno": "10",
            "sapcategoryname": "DAIRY - YOGHURT",
            "sapcategoryno": "94",
            "sapsubcategoryname": "DAIRY - YOGHURT SINGLE SERVE",
            "sapsubcategoryno": "848",
            "sapsegmentname": "EVERYDAY POUCH",
            "sapsegmentno": "8",
            "specialsgroupid": null,
            "PiesProductDepartmentNodeId": "1_6E4F4E4",
            "PiesProductDepartmentsjson": "[{\"Id\":\"1_6E4F4E4\",\"Description\":\"Dairy, Eggs & Fridge\"}]",
            "piesdepartmentnamesjson": "[\"Dairy, Eggs & Fridge\"]",
            "piescategorynamesjson": "[\"Yoghurt\",\"Lunch Box\"]",
            "piessubcategorynamesjson": "[\"Flavoured Yoghurt\",\"Healthier Dairy Snacks\"]",
            "servingsize-total-nip": null,
            "servingsperpack-total-nip": null,
            "microwaveable": "False",
            "ovencook": "False",
            "vegetarian": "False",
            "freezable": "False",
            "containsnuts": "False",
            "containsgluten": "False",
            "description": "We've captured the taste of ripe raspberries and paired it with our creamy 0.5% fat plain yogurt for a handy Cho-On-The-Go. Talk about sweet success!",
            "ingredients": "Low Fat Yogurt (85%), Raspberry Blend (15%). <br>Ingredients: Low Fat Yogurt (85%) [Skim Milk, Live Yogurt Cultures], Raspberry Blend (15%) [Sugar, Raspberry Puree (24%), Water, Vegetable Gums (Fruit Pectin, Locust Bean Gum), Natural Flavour, Vegetable Juice Concentrate, Acidity Regulators (Citric Acid, Sodium Citrate), Mineral Salt (Calcium Citrate)].",
            "nutritionalinformation": "{\"Name\":\"Nutritional Information\",\"Attributes\":[{\"Id\":705,\"Name\":\"Carbohydrate Quantity Per 100g - Total - NIP\",\"Value\":\"12.3g\",\"Description\":\"Carbohydrate Quantity Per 100g - Total - NIP\",\"SortOrder\":83},{\"Id\":706,\"Name\":\"Carbohydrate Quantity Per Serve - Total - NIP\",\"Value\":\"17.2g\",\"Description\":\"Carbohydrate Quantity Per Serve - Total - NIP\",\"SortOrder\":87},{\"Id\":759,\"Name\":\"Energy kJ Quantity Per 100g - Total - NIP\",\"Value\":\"355kJ\",\"Description\":\"Energy kJ Quantity Per 100g - Total - NIP\",\"SortOrder\":239},{\"Id\":760,\"Name\":\"Energy kJ Quantity Per Serve - Total - NIP\",\"Value\":\"497kJ\",\"Description\":\"Energy kJ Quantity Per Serve - Total - NIP\",\"SortOrder\":243},{\"Id\":253,\"Name\":\"Fat Saturated Quantity Per 100g - Total - NIP\",\"Value\":\"0.1g\",\"Description\":\"Fat Saturated Quantity Per 100g - Total - NIP\",\"SortOrder\":251},{\"Id\":258,\"Name\":\"Fat Saturated Quantity Per Serve - Total - NIP\",\"Value\":\"0.1g\",\"Description\":\"Fat Saturated Quantity Per Serve - Total - NIP\",\"SortOrder\":255},{\"Id\":764,\"Name\":\"Fat Total Quantity Per 100g - Total - NIP\",\"Value\":\"0.2g\",\"Description\":\"Fat Total Quantity Per 100g - Total - NIP\",\"SortOrder\":263},{\"Id\":264,\"Name\":\"Fat Total Quantity Per Serve - Total - NIP\",\"Value\":\"0.3g\",\"Description\":\"Fat Total Quantity Per Serve - Total - NIP\",\"SortOrder\":267},{\"Id\":878,\"Name\":\"Protein Quantity Per 100g - Total - NIP\",\"Value\":\"8.3g\",\"Description\":\"Protein Quantity Per 100g - Total - NIP\",\"SortOrder\":587},{\"Id\":882,\"Name\":\"Protein Quantity Per Serve - Total - NIP\",\"Value\":\"11.6g\",\"Description\":\"Protein Quantity Per Serve - Total - NIP\",\"SortOrder\":591},{\"Id\":477,\"Name\":\"Serving Size - Total - NIP\",\"Value\":\"140g\",\"Description\":\"Serving Size - Total - NIP\",\"SortOrder\":607},{\"Id\":544,\"Name\":\"Servings Per Pack - Total - NIP\",\"Value\":\"1\",\"Description\":\"Servings Per Pack - Total - NIP\",\"SortOrder\":611},{\"Id\":491,\"Name\":\"Sodium Quantity Per 100g - Total - NIP\",\"Value\":\"31mg\",\"Description\":\"Sodium Quantity Per 100g - Total - NIP\",\"SortOrder\":623},{\"Id\":495,\"Name\":\"Sodium Quantity Per Serve - Total - NIP\",\"Value\":\"43mg\",\"Description\":\"Sodium Quantity Per Serve - Total - NIP\",\"SortOrder\":627},{\"Id\":907,\"Name\":\"Sugars Quantity Per 100g - Prefix - NIP\",\"Value\":\"\",\"Description\":\"Sugars Quantity Per 100g - Prefix - NIP\",\"SortOrder\":645},{\"Id\":908,\"Name\":\"Sugars Quantity Per 100g - SuffixUnits - NIP\",\"Value\":\"g\",\"Description\":\"Sugars Quantity Per 100g - SuffixUnits - NIP\",\"SortOrder\":646},{\"Id\":909,\"Name\":\"Sugars Quantity Per 100g - Total - NIP\",\"Value\":\"11.1g\",\"Description\":\"Sugars Quantity Per 100g - Total - NIP\",\"SortOrder\":647},{\"Id\":910,\"Name\":\"Sugars Quantity Per 100g - ValueWord - NIP\",\"Value\":\"11.1\",\"Description\":\"Sugars Quantity Per 100g - ValueWord - NIP\",\"SortOrder\":648},{\"Id\":504,\"Name\":\"Sugars Quantity Per Serve - Prefix - NIP\",\"Value\":\"\",\"Description\":\"Sugars Quantity Per Serve - Prefix - NIP\",\"SortOrder\":649},{\"Id\":911,\"Name\":\"Sugars Quantity Per Serve - SuffixUnits - NIP\",\"Value\":\"g\",\"Description\":\"Sugars Quantity Per Serve - SuffixUnits - NIP\",\"SortOrder\":650},{\"Id\":912,\"Name\":\"Sugars Quantity Per Serve - Total - NIP\",\"Value\":\"15.6g\",\"Description\":\"Sugars Quantity Per Serve - Total - NIP\",\"SortOrder\":651},{\"Id\":572,\"Name\":\"Sugars Quantity Per Serve - ValueWord - NIP\",\"Value\":\"15.6\",\"Description\":\"Sugars Quantity Per Serve - ValueWord - NIP\",\"SortOrder\":652}]}",
            "storageinstructions": "Keep refrigerated at or below 4°C.",
            "usageinstructions": null,
            "brand": "chobani",
            "manufacturer": null,
            "countryoforigin": null,
            "productheightmm": null,
            "productwidthmm": null,
            "productdepthmm": null,
            "wool_productpackaging": null,
            "recyclableinformation": null,
            "importantinformation": null,
            "allergencontains": "Milk",
            "allergenmaybepresent": "Gluten",
            "allergystatement": "No Artificial Preservatives",
            "lifestyleanddietarystatement": "Low Saturated Fat",
            "lifestyleclaim": null,
            "wool_dietaryclaim": "No Artificial Colours, No Artificial Flavours, No Preservatives, High Protein, Source of Calcium",
            "boxedcontents": null,
            "suitablefor": null,
            "fragrance": null,
            "colour": null,
            "antioxidant": "False",
            "addedvitaminsandminerals": "False",
            "bpafree": "False",
            "sulfatefree": "False",
            "parabenfree": "False",
            "claims": null,
            "alcoholfree": null,
            "anti-dandruff": null,
            "dermatologicallyapproved": null,
            "dermatologistrecommended": null,
            "dermatologisttested": null,
            "fragrance-free": null,
            "haircolour": null,
            "hairtype": null,
            "hypo-allergenic": null,
            "non-comedogenic": null,
            "oilfree": null,
            "ophthalmologistapproved": null,
            "ophthalmologisttested": null,
            "paba-free": null,
            "skincondition": null,
            "skintype": null,
            "soap-free": null,
            "spf": null,
            "sweatresistant": null,
            "timer": null,
            "waterresistant": null,
            "phbalanced": null,
            "antiseptic": "False",
            "antibacterial": "False",
            "activeconstituents": null,
            "contains": null,
            "microwavesafe": "False",
            "productimagecount": "2",
            "friendlydisclaimer": null,
            "productimages": "795069.jpg,795069_2.jpg",
            "healthstarrating": "0",
            "tgawarnings": null,
            "vendorarticleid": null,
            "vendorcostprice": null,
            "tgawarning": null
          },
          "DetailsImagePaths": [
            "https://cdn0.woolworths.media/content/wowproductimages/large/795069.jpg",
            "https://cdn0.woolworths.media/content/wowproductimages/large/795069_2.jpg"
          ],
          "Variety": "yoghurt pouch",
          "Rating": {
            "ReviewCount": 0,
            "RatingCount": 0,
            "RatingSum": 0,
            "OneStarCount": 0,
            "TwoStarCount": 0,
            "ThreeStarCount": 0,
            "FourStarCount": 0,
            "FiveStarCount": 0,
            "Average": 0,
            "OneStarPercentage": 0,
            "TwoStarPercentage": 0,
            "ThreeStarPercentage": 0,
            "FourStarPercentage": 0,
            "FiveStarPercentage": 0
          },
          "HasProductSubs": false,
          "IsSponsoredAd": false,
          "AdID": null,
          "AdIndex": null,
          "ThirdPartyProductInfo": null,
          "MarketFeatures": null,
          "MarketSpecifications": null
        }
      ],
      "Name": "Chobani No Fat Raspberry Yoghurt Pouch"
    },
    {
      "Products": [
        {
          "TileID": 0,
          "Stockcode": 33379,
          "Barcode": "9300681400191",
          "GtinFormat": 13,
          "CupPrice": 0.63,
          "InstoreCupPrice": 0.63,
          "CupMeasure": "100G",
          "CupString": "$0.63 / 100G",
          "InstoreCupString": "$0.63 / 100G",
          "HasCupPrice": true,
          "InstoreHasCupPrice": true,
          "Price": 2.2,
          "InstorePrice": 2.2,
          "Name": "Foster Clark's Custard Powder",
          "UrlFriendlyName": "foster-clark-s-custard-powder",
          "Description": " Foster Clark's Custard<br>Powder  350g",
          "SmallImageFile": "https://cdn0.woolworths.media/content/wowproductimages/small/033379.jpg",
          "MediumImageFile": "https://cdn0.woolworths.media/content/wowproductimages/medium/033379.jpg",
          "LargeImageFile": "https://cdn0.woolworths.media/content/wowproductimages/large/033379.jpg",
          "IsNew": false,
          "IsOnSpecial": false,
          "InstoreIsOnSpecial": false,
          "IsEdrSpecial": false,
          "SavingsAmount": 0,
          "InstoreSavingsAmount": 0,
          "WasPrice": 2.2,
          "InstoreWasPrice": 2.2,
          "QuantityInTrolley": 0,
          "Unit": "Each",
          "MinimumQuantity": 1,
          "HasBeenBoughtBefore": false,
          "IsInTrolley": false,
          "Source": "Aisle.DairyEggsFridge",
          "SupplyLimit": 36,
          "IsRanged": false,
          "IsInStock": true,
          "PackageSize": "350g",
          "IsPmDelivery": false,
          "IsForCollection": true,
          "IsForDelivery": true,
          "IsForExpress": false,
          "ProductRestrictionMessage": null,
          "ProductWarningMessage": null,
          "CentreTag": {
            "TagContent": null,
            "TagLink": null,
            "FallbackText": null,
            "TagType": "None",
            "MultibuyData": null
          },
          "IsCentreTag": false,
          "ImageTag": {
            "TagContent": null,
            "TagLink": null,
            "FallbackText": "",
            "TagType": "None",
            "MultibuyData": null
          },
          "HeaderTag": null,
          "HasHeaderTag": false,
          "UnitWeightInGrams": 375,
          "SupplyLimitMessage": "'Foster Clark's Custard Powder' has a supply limit of 36. The quantity in your cart has been reduced accordingly. To purchase a larger quantity, please contact us on 1800 000 610. Please note we do not supply trade orders.",
          "SmallFormatDescription": "Foster Clark's Custard Powder ",
          "FullDescription": "Foster Clark's Custard Powder ",
          "IsAvailable": true,
          "InstoreIsAvailable": true,
          "IsPurchasable": true,
          "InstoreIsPurchasable": true,
          "AgeRestricted": false,
          "DisplayQuantity": 1,
          "RichDescription": "<div>Smooth and Creamy egg custard mix that is great served hot or cold. The perfect custard for those Christmas puddings. Seriously Creamy and microwave easy</div>",
          "IsDeliveryPass": false,
          "HideWasSavedPrice": false,
          "SapCategories": null,
          "Brand": "foster clark's",
          "IsRestrictedByDeliveryMethod": false,
          "FooterTag": {
            "TagContent": null,
            "TagLink": null,
            "FallbackText": null,
            "TagType": "None",
            "MultibuyData": null
          },
          "IsFooterEnabled": false,
          "Diagnostics": "1654",
          "IsBundle": false,
          "IsInFamily": false,
          "ChildProducts": [],
          "UrlOverride": null,
          "AdditionalAttributes": {
            "sapdepartmentname": "GROCERIES",
            "sapdepartmentno": "5",
            "sapcategoryname": "CANNED FRUIT / DESSERTS",
            "sapcategoryno": "82",
            "sapsubcategoryname": "JELLY & PUDDINGS",
            "sapsubcategoryno": "29",
            "sapsegmentname": "CUSTARD",
            "sapsegmentno": "3",
            "specialsgroupid": null,
            "PiesProductDepartmentNodeId": "1_6E4F4E4",
            "PiesProductDepartmentsjson": "[{\"Id\":\"1_6E4F4E4\",\"Description\":\"Dairy, Eggs & Fridge\"}]",
            "piesdepartmentnamesjson": "[\"Dairy, Eggs & Fridge\"]",
            "piescategorynamesjson": "[\"Cream, Custard & Desserts\"]",
            "piessubcategorynamesjson": "[\"Custard\"]",
            "servingsize-total-nip": null,
            "servingsperpack-total-nip": null,
            "microwaveable": "False",
            "ovencook": "False",
            "vegetarian": "False",
            "freezable": "False",
            "containsnuts": "False",
            "containsgluten": "False",
            "description": "<div>Smooth and Creamy egg custard mix that is great served hot or cold. The perfect custard for those Christmas puddings. Seriously Creamy and microwave easy</div>",
            "ingredients": "Cornflour (Maize, Wheaten), Sugar, Salt. Colours (102,110), Flavours.",
            "nutritionalinformation": "{\"Name\":\"Nutritional Information\",\"Attributes\":[{\"Id\":705,\"Name\":\"Carbohydrate Quantity Per 100g - Total - NIP\",\"Value\":\"85.9\",\"Description\":\"Carbohydrate Quantity Per 100g - Total - NIP\",\"SortOrder\":83},{\"Id\":706,\"Name\":\"Carbohydrate Quantity Per Serve - Total - NIP\",\"Value\":\"2.6g, Avg quantity per 1/4 cup (62.5mL) serving custard* - 7.4g\",\"Description\":\"Carbohydrate Quantity Per Serve - Total - NIP\",\"SortOrder\":87},{\"Id\":759,\"Name\":\"Energy kJ Quantity Per 100g - Total - NIP\",\"Value\":\"1470kJ\",\"Description\":\"Energy kJ Quantity Per 100g - Total - NIP\",\"SortOrder\":239},{\"Id\":760,\"Name\":\"Energy kJ Quantity Per Serve - Total - NIP\",\"Value\":\"44kJ, Avg quantity per 1/4 cup (62.5mL) serving custard* - 252kJ\",\"Description\":\"Energy kJ Quantity Per Serve - Total - NIP\",\"SortOrder\":243},{\"Id\":253,\"Name\":\"Fat Saturated Quantity Per 100g - Total - NIP\",\"Value\":\"<1g\",\"Description\":\"Fat Saturated Quantity Per 100g - Total - NIP\",\"SortOrder\":251},{\"Id\":258,\"Name\":\"Fat Saturated Quantity Per Serve - Total - NIP\",\"Value\":\"<1g, Avg quantity per 1/4 cup (62.5mL) serving custard* - 1.6g\",\"Description\":\"Fat Saturated Quantity Per Serve - Total - NIP\",\"SortOrder\":255},{\"Id\":764,\"Name\":\"Fat Total Quantity Per 100g - Total - NIP\",\"Value\":\"<1g\",\"Description\":\"Fat Total Quantity Per 100g - Total - NIP\",\"SortOrder\":263},{\"Id\":264,\"Name\":\"Fat Total Quantity Per Serve - Total - NIP\",\"Value\":\"<1g, Avg quantity per 1/4 cup (62.5mL) serving custard* - 2.5g\",\"Description\":\"Fat Total Quantity Per Serve - Total - NIP\",\"SortOrder\":267},{\"Id\":878,\"Name\":\"Protein Quantity Per 100g - Total - NIP\",\"Value\":\"<1g\",\"Description\":\"Protein Quantity Per 100g - Total - NIP\",\"SortOrder\":587},{\"Id\":882,\"Name\":\"Protein Quantity Per Serve - Total - NIP\",\"Value\":\"<1g, Avg quantity per 1/4 cup (62.5mL) serving custard* - 2.1g\",\"Description\":\"Protein Quantity Per Serve - Total - NIP\",\"SortOrder\":591},{\"Id\":477,\"Name\":\"Serving Size - Total - NIP\",\"Value\":\"3g\",\"Description\":\"Serving Size - Total - NIP\",\"SortOrder\":607},{\"Id\":544,\"Name\":\"Servings Per Pack - Total - NIP\",\"Value\":\"116\",\"Description\":\"Servings Per Pack - Total - NIP\",\"SortOrder\":611},{\"Id\":491,\"Name\":\"Sodium Quantity Per 100g - Total - NIP\",\"Value\":\"50mg\",\"Description\":\"Sodium Quantity Per 100g - Total - NIP\",\"SortOrder\":623},{\"Id\":495,\"Name\":\"Sodium Quantity Per Serve - Total - NIP\",\"Value\":\"20mg, Avg quantity per 1/4 cup (62.5mL) serving custard* - 50mg\",\"Description\":\"Sodium Quantity Per Serve - Total - NIP\",\"SortOrder\":627},{\"Id\":907,\"Name\":\"Sugars Quantity Per 100g - Prefix - NIP\",\"Value\":\"\",\"Description\":\"Sugars Quantity Per 100g - Prefix - NIP\",\"SortOrder\":645},{\"Id\":908,\"Name\":\"Sugars Quantity Per 100g - SuffixUnits - NIP\",\"Value\":\"g\",\"Description\":\"Sugars Quantity Per 100g - SuffixUnits - NIP\",\"SortOrder\":646},{\"Id\":909,\"Name\":\"Sugars Quantity Per 100g - Total - NIP\",\"Value\":\"4.4g\",\"Description\":\"Sugars Quantity Per 100g - Total - NIP\",\"SortOrder\":647},{\"Id\":910,\"Name\":\"Sugars Quantity Per 100g - ValueWord - NIP\",\"Value\":\"4.4\",\"Description\":\"Sugars Quantity Per 100g - ValueWord - NIP\",\"SortOrder\":648},{\"Id\":504,\"Name\":\"Sugars Quantity Per Serve - Prefix - NIP\",\"Value\":\"<\",\"Description\":\"Sugars Quantity Per Serve - Prefix - NIP\",\"SortOrder\":649},{\"Id\":911,\"Name\":\"Sugars Quantity Per Serve - SuffixUnits - NIP\",\"Value\":\"g, Avg quantity per 1/4 cup (62.5mL) serving custard* - 4.9g\",\"Description\":\"Sugars Quantity Per Serve - SuffixUnits - NIP\",\"SortOrder\":650},{\"Id\":912,\"Name\":\"Sugars Quantity Per Serve - Total - NIP\",\"Value\":\"<1g, Avg quantity per 1/4 cup (62.5mL) serving custard* - 4.9g\",\"Description\":\"Sugars Quantity Per Serve - Total - NIP\",\"SortOrder\":651},{\"Id\":572,\"Name\":\"Sugars Quantity Per Serve - ValueWord - NIP\",\"Value\":\"1\",\"Description\":\"Sugars Quantity Per Serve - ValueWord - NIP\",\"SortOrder\":652}]}",
            "storageinstructions": null,
            "usageinstructions": null,
            "brand": "foster clark's",
            "manufacturer": null,
            "countryoforigin": null,
            "productheightmm": null,
            "productwidthmm": null,
            "productdepthmm": null,
            "wool_productpackaging": null,
            "recyclableinformation": null,
            "importantinformation": null,
            "allergencontains": "Wheat, Soy",
            "allergenmaybepresent": "Egg, Milk, Sesame, Sulphites, Barley, Rye",
            "allergystatement": "Fish Free",
            "lifestyleanddietarystatement": "Low Fat",
            "lifestyleclaim": null,
            "wool_dietaryclaim": null,
            "boxedcontents": null,
            "suitablefor": null,
            "fragrance": null,
            "colour": null,
            "antioxidant": "False",
            "addedvitaminsandminerals": "False",
            "bpafree": "False",
            "sulfatefree": "False",
            "parabenfree": "False",
            "claims": null,
            "alcoholfree": null,
            "anti-dandruff": null,
            "dermatologicallyapproved": null,
            "dermatologistrecommended": null,
            "dermatologisttested": null,
            "fragrance-free": null,
            "haircolour": null,
            "hairtype": null,
            "hypo-allergenic": null,
            "non-comedogenic": null,
            "oilfree": null,
            "ophthalmologistapproved": null,
            "ophthalmologisttested": null,
            "paba-free": null,
            "skincondition": null,
            "skintype": null,
            "soap-free": null,
            "spf": null,
            "sweatresistant": null,
            "timer": null,
            "waterresistant": null,
            "phbalanced": null,
            "antiseptic": "False",
            "antibacterial": "False",
            "activeconstituents": null,
            "contains": null,
            "microwavesafe": "False",
            "productimagecount": "2",
            "friendlydisclaimer": null,
            "productimages": "33379.jpg,33379_2.jpg",
            "healthstarrating": "0",
            "tgawarnings": null,
            "vendorarticleid": null,
            "vendorcostprice": null,
            "tgawarning": null
          },
          "DetailsImagePaths": [
            "https://cdn0.woolworths.media/content/wowproductimages/large/033379.jpg",
            "https://cdn0.woolworths.media/content/wowproductimages/large/033379_2.jpg"
          ],
          "Variety": null,
          "Rating": {
            "ReviewCount": 0,
            "RatingCount": 0,
            "RatingSum": 0,
            "OneStarCount": 0,
            "TwoStarCount": 0,
            "ThreeStarCount": 0,
            "FourStarCount": 0,
            "FiveStarCount": 0,
            "Average": 0,
            "OneStarPercentage": 0,
            "TwoStarPercentage": 0,
            "ThreeStarPercentage": 0,
            "FourStarPercentage": 0,
            "FiveStarPercentage": 0
          },
          "HasProductSubs": false,
          "IsSponsoredAd": false,
          "AdID": null,
          "AdIndex": null,
          "ThirdPartyProductInfo": null,
          "MarketFeatures": null,
          "MarketSpecifications": null
        }
      ],
      "Name": "Foster Clark's Custard Powder"
    },
    {
      "Products": [
        {
          "TileID": 0,
          "Stockcode": 41225,
          "Barcode": "9312231007033",
          "GtinFormat": 13,
          "CupPrice": 2.2,
          "InstoreCupPrice": 2.2,
          "CupMeasure": "1L",
          "CupString": "$2.20 / 1L",
          "InstoreCupString": "$2.20 / 1L",
          "HasCupPrice": true,
          "InstoreHasCupPrice": true,
          "Price": 2.2,
          "InstorePrice": 2.2,
          "Name": "Pureharvest Organic Aussie Dream Rice Milk",
          "UrlFriendlyName": "pureharvest-organic-aussie-dream-rice-milk",
          "Description": " Pureharvest Organic Aussie<br>Dream Rice Milk 1L",
          "SmallImageFile": "https://cdn0.woolworths.media/content/wowproductimages/small/041225.jpg",
          "MediumImageFile": "https://cdn0.woolworths.media/content/wowproductimages/medium/041225.jpg",
          "LargeImageFile": "https://cdn0.woolworths.media/content/wowproductimages/large/041225.jpg",
          "IsNew": false,
          "IsOnSpecial": false,
          "InstoreIsOnSpecial": false,
          "IsEdrSpecial": false,
          "SavingsAmount": 0,
          "InstoreSavingsAmount": 0,
          "WasPrice": 2.2,
          "InstoreWasPrice": 2.2,
          "QuantityInTrolley": 0,
          "Unit": "Each",
          "MinimumQuantity": 1,
          "HasBeenBoughtBefore": false,
          "IsInTrolley": false,
          "Source": "Aisle.DairyEggsFridge",
          "SupplyLimit": 36,
          "IsRanged": false,
          "IsInStock": true,
          "PackageSize": "1L",
          "IsPmDelivery": false,
          "IsForCollection": true,
          "IsForDelivery": true,
          "IsForExpress": false,
          "ProductRestrictionMessage": null,
          "ProductWarningMessage": null,
          "CentreTag": {
            "TagContent": null,
            "TagLink": null,
            "FallbackText": null,
            "TagType": "None",
            "MultibuyData": null
          },
          "IsCentreTag": false,
          "ImageTag": {
            "TagContent": null,
            "TagLink": null,
            "FallbackText": "",
            "TagType": "None",
            "MultibuyData": null
          },
          "HeaderTag": {
            "BackgroundColor": "#c20016",
            "BorderColor": "#c20016",
            "TextColor": "#fff",
            "Content": "Low price <span class=\"u-semibold\">always</span>",
            "TagLink": null,
            "Promotion": "LowPrice"
          },
          "HasHeaderTag": true,
          "UnitWeightInGrams": 1084,
          "SupplyLimitMessage": "'Pureharvest Organic Aussie Dream Rice Milk' has a supply limit of 36. The quantity in your cart has been reduced accordingly. To purchase a larger quantity, please contact us on 1800 000 610. Please note we do not supply trade orders.",
          "SmallFormatDescription": "Pureharvest Organic Aussie Dream Rice Milk",
          "FullDescription": "Pureharvest Organic Aussie Dream Rice Milk",
          "IsAvailable": true,
          "InstoreIsAvailable": true,
          "IsPurchasable": true,
          "InstoreIsPurchasable": true,
          "AgeRestricted": false,
          "DisplayQuantity": 1,
          "RichDescription": "<p>Pureharvest Aussie Dream original with added organic calcium is based on a traditional oriental food that is made from certified organic brown rice. Many people cannot consume dairy milk because of the lactose it contains, as lactose can often lead to allergic reactions and discomfort. As part of a well-balanced diet, Pureharvest Aussie Dream helps provide a tasty nutritious food. It is totally lactose-free and can be used on cereal or in cooking as a dairy-free substitute.</p><p>All Natural</p><p>At Pureharvest we pride ourselves on using only natural ingredients, free from artificial additives and pesticides.</p><p>Taste & Nutrition In Pureharvest Organic Aussie Dream Rice Milks, we believe we have created the best tasting yet natural rice milks available.</p><p>- Unsweetened</p><p>- No Cane Sugar</p><p>- Gluten-Free</p><p>- Cholesterol-Free</p><p>- Lactose-Free</p><p>- Non-Dairy Product</p><p>- Suitable For Vegetarians</p><p>- No Preservatives</p><p>- No Pesticides</p><p>- No Herbicides</p><p>- Say No to Genetically Altered Products Please visit our website!</p>",
          "IsDeliveryPass": false,
          "HideWasSavedPrice": false,
          "SapCategories": null,
          "Brand": "Pureharvest",
          "IsRestrictedByDeliveryMethod": false,
          "FooterTag": {
            "TagContent": "<div class=\"productTag-lowerpricealways\" style=\"\r\nheight:46px;\r\nposition:absolute;\r\ntop:-2px;\r\nleft:0;\r\nwidth:100%;\r\nbackground:#c20016;\r\ntext-align:center;\r\n\">\r\n<img src=\"https://wowpmediaaae.azureedge.net/content/content/lpa_footer_img2.png\" width=\"166px\" height=\"13px\" alt=\"Lower Price Always\" style=\"display:inline-block; margin-top:15px;\">\r\n</div>\r\n<style>\r\n.cardViewCompact wow-shelf-product:not(.override-global-size) .card:not(.is-smallFormat).shelfProductStamp .productTag-lowerpricealways img{\r\n                max-width: 90%;\r\n}\r\n</style>",
            "TagLink": null,
            "FallbackText": null,
            "TagType": "Html",
            "MultibuyData": null
          },
          "IsFooterEnabled": true,
          "Diagnostics": "1655",
          "IsBundle": false,
          "IsInFamily": false,
          "ChildProducts": [],
          "UrlOverride": null,
          "AdditionalAttributes": {
            "sapdepartmentname": "GROCERIES",
            "sapdepartmentno": "5",
            "sapcategoryname": "BEVERAGES",
            "sapcategoryno": "57",
            "sapsubcategoryname": "LONGLIFE MILK & SOY DRINKS",
            "sapsubcategoryno": "3",
            "sapsegmentname": "LONG LIFE MILK - GRAIN",
            "sapsegmentno": "9",
            "specialsgroupid": null,
            "PiesProductDepartmentNodeId": "1_5AF3A0A",
            "PiesProductDepartmentsjson": "[{\"Id\":\"1_5AF3A0A\",\"Description\":\"Drinks\"},{\"Id\":\"1_6E4F4E4\",\"Description\":\"Dairy, Eggs & Fridge\"}]",
            "piesdepartmentnamesjson": "[\"Drinks\",\"Dairy, Eggs & Fridge\"]",
            "piescategorynamesjson": "[\"Milk\",\"Long Life Milk\"]",
            "piessubcategorynamesjson": "[\"Soy & Speciality Milk\",\"Long Life Milk\",\"Oat & Rice Milk\"]",
            "servingsize-total-nip": null,
            "servingsperpack-total-nip": null,
            "microwaveable": "False",
            "ovencook": "False",
            "vegetarian": "False",
            "freezable": "False",
            "containsnuts": "False",
            "containsgluten": "False",
            "description": "<p>Pureharvest Aussie Dream original with added organic calcium is based on a traditional oriental food that is made from certified organic brown rice. Many people cannot consume dairy milk because of the lactose it contains, as lactose can often lead to allergic reactions and discomfort. As part of a well-balanced diet, Pureharvest Aussie Dream helps provide a tasty nutritious food. It is totally lactose-free and can be used on cereal or in cooking as a dairy-free substitute.</p><p>All Natural</p><p>At Pureharvest we pride ourselves on using only natural ingredients, free from artificial additives and pesticides.</p><p>Taste & Nutrition In Pureharvest Organic Aussie Dream Rice Milks, we believe we have created the best tasting yet natural rice milks available.</p><p>- Unsweetened</p><p>- No Cane Sugar</p><p>- Gluten-Free</p><p>- Cholesterol-Free</p><p>- Lactose-Free</p><p>- Non-Dairy Product</p><p>- Suitable For Vegetarians</p><p>- No Preservatives</p><p>- No Pesticides</p><p>- No Herbicides</p><p>- Say No to Genetically Altered Products Please visit our website!</p>",
            "ingredients": "Filtered Water, Organic Whole Brown Rice (15%), Organic Sunflower Oil, Organic Plant Calcium, Sea Salt. Calcium Source.",
            "nutritionalinformation": "{\"Name\":\"Nutritional Information\",\"Attributes\":[{\"Id\":705,\"Name\":\"Carbohydrate Quantity Per 100g - Total - NIP\",\"Value\":\"10.6g\",\"Description\":\"Carbohydrate Quantity Per 100g - Total - NIP\",\"SortOrder\":83},{\"Id\":706,\"Name\":\"Carbohydrate Quantity Per Serve - Total - NIP\",\"Value\":\"26.6g\",\"Description\":\"Carbohydrate Quantity Per Serve - Total - NIP\",\"SortOrder\":87},{\"Id\":759,\"Name\":\"Energy kJ Quantity Per 100g - Total - NIP\",\"Value\":\"229\",\"Description\":\"Energy kJ Quantity Per 100g - Total - NIP\",\"SortOrder\":239},{\"Id\":760,\"Name\":\"Energy kJ Quantity Per Serve - Total - NIP\",\"Value\":\"573\",\"Description\":\"Energy kJ Quantity Per Serve - Total - NIP\",\"SortOrder\":243},{\"Id\":253,\"Name\":\"Fat Saturated Quantity Per 100g - Total - NIP\",\"Value\":\"0.1g\",\"Description\":\"Fat Saturated Quantity Per 100g - Total - NIP\",\"SortOrder\":251},{\"Id\":258,\"Name\":\"Fat Saturated Quantity Per Serve - Total - NIP\",\"Value\":\"0.3g\",\"Description\":\"Fat Saturated Quantity Per Serve - Total - NIP\",\"SortOrder\":255},{\"Id\":764,\"Name\":\"Fat Total Quantity Per 100g - Total - NIP\",\"Value\":\"1g\",\"Description\":\"Fat Total Quantity Per 100g - Total - NIP\",\"SortOrder\":263},{\"Id\":264,\"Name\":\"Fat Total Quantity Per Serve - Total - NIP\",\"Value\":\"2.6g\",\"Description\":\"Fat Total Quantity Per Serve - Total - NIP\",\"SortOrder\":267},{\"Id\":878,\"Name\":\"Protein Quantity Per 100g - Total - NIP\",\"Value\":\"0.6g\",\"Description\":\"Protein Quantity Per 100g - Total - NIP\",\"SortOrder\":587},{\"Id\":882,\"Name\":\"Protein Quantity Per Serve - Total - NIP\",\"Value\":\"1.5g\",\"Description\":\"Protein Quantity Per Serve - Total - NIP\",\"SortOrder\":591},{\"Id\":477,\"Name\":\"Serving Size - Total - NIP\",\"Value\":\"250ml\",\"Description\":\"Serving Size - Total - NIP\",\"SortOrder\":607},{\"Id\":544,\"Name\":\"Servings Per Pack - Total - NIP\",\"Value\":\"4\",\"Description\":\"Servings Per Pack - Total - NIP\",\"SortOrder\":611},{\"Id\":491,\"Name\":\"Sodium Quantity Per 100g - Total - NIP\",\"Value\":\"75mg\",\"Description\":\"Sodium Quantity Per 100g - Total - NIP\",\"SortOrder\":623},{\"Id\":495,\"Name\":\"Sodium Quantity Per Serve - Total - NIP\",\"Value\":\"188mg\",\"Description\":\"Sodium Quantity Per Serve - Total - NIP\",\"SortOrder\":627},{\"Id\":907,\"Name\":\"Sugars Quantity Per 100g - Prefix - NIP\",\"Value\":\"\",\"Description\":\"Sugars Quantity Per 100g - Prefix - NIP\",\"SortOrder\":645},{\"Id\":908,\"Name\":\"Sugars Quantity Per 100g - SuffixUnits - NIP\",\"Value\":\"g\",\"Description\":\"Sugars Quantity Per 100g - SuffixUnits - NIP\",\"SortOrder\":646},{\"Id\":909,\"Name\":\"Sugars Quantity Per 100g - Total - NIP\",\"Value\":\"2.8g\",\"Description\":\"Sugars Quantity Per 100g - Total - NIP\",\"SortOrder\":647},{\"Id\":910,\"Name\":\"Sugars Quantity Per 100g - ValueWord - NIP\",\"Value\":\"2.8\",\"Description\":\"Sugars Quantity Per 100g - ValueWord - NIP\",\"SortOrder\":648},{\"Id\":504,\"Name\":\"Sugars Quantity Per Serve - Prefix - NIP\",\"Value\":\"\",\"Description\":\"Sugars Quantity Per Serve - Prefix - NIP\",\"SortOrder\":649},{\"Id\":911,\"Name\":\"Sugars Quantity Per Serve - SuffixUnits - NIP\",\"Value\":\"g\",\"Description\":\"Sugars Quantity Per Serve - SuffixUnits - NIP\",\"SortOrder\":650},{\"Id\":912,\"Name\":\"Sugars Quantity Per Serve - Total - NIP\",\"Value\":\"7.1g\",\"Description\":\"Sugars Quantity Per Serve - Total - NIP\",\"SortOrder\":651},{\"Id\":572,\"Name\":\"Sugars Quantity Per Serve - ValueWord - NIP\",\"Value\":\"7.1\",\"Description\":\"Sugars Quantity Per Serve - ValueWord - NIP\",\"SortOrder\":652}]}",
            "storageinstructions": "Keep refrigerate once opened. Refrigerated at or below 4C and use within 3-4 days.",
            "usageinstructions": null,
            "brand": "pureharvest",
            "manufacturer": null,
            "countryoforigin": null,
            "productheightmm": null,
            "productwidthmm": null,
            "productdepthmm": null,
            "wool_productpackaging": null,
            "recyclableinformation": null,
            "importantinformation": null,
            "allergencontains": null,
            "allergenmaybepresent": null,
            "allergystatement": "No Artificial Preservatives",
            "lifestyleanddietarystatement": "Source of Calcium",
            "lifestyleclaim": "Organic",
            "wool_dietaryclaim": "Gluten Free",
            "boxedcontents": null,
            "suitablefor": "Vegetarians",
            "fragrance": null,
            "colour": null,
            "antioxidant": "False",
            "addedvitaminsandminerals": "False",
            "bpafree": "False",
            "sulfatefree": "False",
            "parabenfree": "False",
            "claims": null,
            "alcoholfree": null,
            "anti-dandruff": null,
            "dermatologicallyapproved": null,
            "dermatologistrecommended": null,
            "dermatologisttested": null,
            "fragrance-free": null,
            "haircolour": null,
            "hairtype": null,
            "hypo-allergenic": null,
            "non-comedogenic": null,
            "oilfree": null,
            "ophthalmologistapproved": null,
            "ophthalmologisttested": null,
            "paba-free": null,
            "skincondition": null,
            "skintype": null,
            "soap-free": null,
            "spf": null,
            "sweatresistant": null,
            "timer": null,
            "waterresistant": null,
            "phbalanced": null,
            "antiseptic": "False",
            "antibacterial": "False",
            "activeconstituents": null,
            "contains": null,
            "microwavesafe": "False",
            "productimagecount": "7",
            "friendlydisclaimer": null,
            "productimages": "41225.jpg,41225_2.jpg,41225_3.jpg,41225_4.jpg",
            "healthstarrating": "0",
            "tgawarnings": null,
            "vendorarticleid": null,
            "vendorcostprice": null,
            "tgawarning": null,
            "PiesProductB2bDepartmentNodeId": "14_BADBC9B",
            "PiesProductB2bDepartmentsjson": "[{\"Id\":\"14_BADBC9B\",\"Description\":\"Fridge\"},{\"Id\":\"14_7A6B58C\",\"Description\":\"Drinks\"},{\"Id\":\"14_AB10757\",\"Description\":\"Coffee & Tea\"}]",
            "piesb2bdepartmentnamesjson": "[\"Fridge\",\"Drinks\",\"Coffee & Tea\"]",
            "piesb2bcategorynamesjson": "[\"Milk\",\"Chilled Milk\",\"Chilled Milk\",\"Long Life Milk\",\"Long-life Milk\"]",
            "piesb2bsubcategorynamesjson": "[\"Soy & Speciality Milk\",\"Soy & Specialty Milk\",\"Soy & Specialty Milk\",\"Almond, Soy & Specialty Milk\",\"Almond, Soy & Specialty Milk\"]"
          },
          "DetailsImagePaths": [
            "https://cdn0.woolworths.media/content/wowproductimages/large/041225.jpg",
            "https://cdn0.woolworths.media/content/wowproductimages/large/041225_2.jpg",
            "https://cdn0.woolworths.media/content/wowproductimages/large/041225_3.jpg",
            "https://cdn0.woolworths.media/content/wowproductimages/large/041225_4.jpg"
          ],
          "Variety": "RICE MILK",
          "Rating": null,
          "HasProductSubs": false,
          "IsSponsoredAd": false,
          "AdID": null,
          "AdIndex": null,
          "ThirdPartyProductInfo": null,
          "MarketFeatures": null,
          "MarketSpecifications": null
        }
      ],
      "Name": "Pureharvest Organic Aussie Dream Rice Milk"
    }
  ],
  "TotalRecordCount": 1862,
  "UpperDynamicContent": null,
  "LowerDynamicContent": null,
  "RichRelevancePlacement": {
    "placement_name": null,
    "message": null,
    "Products": [],
    "Items": [],
    "StockcodesForDiscover": []
  },
  "Aggregations": [
    {
      "Name": "Brand",
      "DisplayName": "Brand",
      "Type": "Multi",
      "FilterType": "Term",
      "FilterDataType": "String",
      "Results": null,
      "ResultsGrouped": [
        {
          "Alphabet": "0-9",
          "Filters": []
        },
        {
          "Alphabet": "A",
          "Filters": [
            {
              "Name": "A2",
              "Term": "A2",
              "ExtraOutputFields": {},
              "Min": null,
              "Max": null,
              "Applied": false,
              "Count": 8,
              "Statement": null,
              "DisplayCoachMarks": false
            },
            {
              "Name": "A2 Milk",
              "Term": "A2 Milk",
              "ExtraOutputFields": {},
              "Min": null,
              "Max": null,
              "Applied": false,
              "Count": 1,
              "Statement": null,
              "DisplayCoachMarks": false
            },
            {
              "Name": "Activia",
              "Term": "Activia",
              "ExtraOutputFields": {},
              "Min": null,
              "Max": null,
              "Applied": false,
              "Count": 3,
              "Statement": null,
              "DisplayCoachMarks": false
            },
            {
              "Name": "Alambra",
              "Term": "Alambra",
              "ExtraOutputFields": {},
              "Min": null,
              "Max": null,
              "Applied": false,
              "Count": 2,
              "Statement": null,
              "DisplayCoachMarks": false
            },
            {
              "Name": "All Mighty Bruce",
              "Term": "All Mighty Bruce",
              "ExtraOutputFields": {},
              "Min": null,
              "Max": null,
              "Applied": false,
              "Count": 1,
              "Statement": null,
              "DisplayCoachMarks": false
            },
            {
              "Name": "Allowrie",
              "Term": "Allowrie",
              "ExtraOutputFields": {},
              "Min": null,
              "Max": null,
              "Applied": false,
              "Count": 2,
              "Statement": null,
              "DisplayCoachMarks": false
            },
            {
              "Name": "Allure By Tempo",
              "Term": "Allure By Tempo",
              "ExtraOutputFields": {},
              "Min": null,
              "Max": null,
              "Applied": false,
              "Count": 1,
              "Statement": null,
              "DisplayCoachMarks": false
            },
            {
              "Name": "Almond Breeze",
              "Term": "Almond Breeze",
              "ExtraOutputFields": {},
              "Min": null,
              "Max": null,
              "Applied": false,
              "Count": 5,
              "Statement": null,
              "DisplayCoachMarks": false
            },
            {
              "Name": "Angas Park",
              "Term": "Angas Park",
              "ExtraOutputFields": {},
              "Min": null,
              "Max": null,
              "Applied": false,
              "Count": 2,
              "Statement": null,
              "DisplayCoachMarks": false
            },
            {
              "Name": "Antoniou",
              "Term": "Antoniou",
              "ExtraOutputFields": {},
              "Min": null,
              "Max": null,
              "Applied": false,
              "Count": 1,
              "Statement": null,
              "DisplayCoachMarks": false
            },
            {
              "Name": "Australia's Own",
              "Term": "Australia's Own",
              "ExtraOutputFields": {},
              "Min": null,
              "Max": null,
              "Applied": false,
              "Count": 13,
              "Statement": null,
              "DisplayCoachMarks": false
            }
          ]
        },
        {
          "Alphabet": "B",
          "Filters": [
            {
              "Name": "Babushka",
              "Term": "Babushka",
              "ExtraOutputFields": {},
              "Min": null,
              "Max": null,
              "Applied": false,
              "Count": 2,
              "Statement": null,
              "DisplayCoachMarks": false
            },
            {
              "Name": "Babybel",
              "Term": "Babybel",
              "ExtraOutputFields": {},
              "Min": null,
              "Max": null,
              "Applied": false,
              "Count": 4,
              "Statement": null,
              "DisplayCoachMarks": false
            },
            {
              "Name": "Banquet",
              "Term": "Banquet",
              "ExtraOutputFields": {},
              "Min": null,
              "Max": null,
              "Applied": false,
              "Count": 1,
              "Statement": null,
              "DisplayCoachMarks": false
            },
            {
              "Name": "Barista Bros",
              "Term": "Barista Bros",
              "ExtraOutputFields": {},
              "Min": null,
              "Max": null,
              "Applied": false,
              "Count": 2,
              "Statement": null,
              "DisplayCoachMarks": false
            },
            {
              "Name": "Bean Supreme",
              "Term": "Bean Supreme",
              "ExtraOutputFields": {},
              "Min": null,
              "Max": null,
              "Applied": false,
              "Count": 4,
              "Statement": null,
              "DisplayCoachMarks": false
            },
            {
              "Name": "Bega",
              "Term": "Bega",
              "ExtraOutputFields": {},
              "Min": null,
              "Max": null,
              "Applied": false,
              "Count": 18,
              "Statement": null,
              "DisplayCoachMarks": false
            },
            {
              "Name": "Bekaa",
              "Term": "Bekaa",
              "ExtraOutputFields": {},
              "Min": null,
              "Max": null,
              "Applied": false,
              "Count": 2,
              "Statement": null,
              "DisplayCoachMarks": false
            },
            {
              "Name": "Bertolli",
              "Term": "Bertolli",
              "ExtraOutputFields": {},
              "Min": null,
              "Max": null,
              "Applied": false,
              "Count": 4,
              "Statement": null,
              "DisplayCoachMarks": false
            },
            {
              "Name": "Big M",
              "Term": "Big M",
              "ExtraOutputFields": {},
              "Min": null,
              "Max": null,
              "Applied": false,
              "Count": 1,
              "Statement": null,
              "DisplayCoachMarks": false
            },
            {
              "Name": "Bio Cheese",
              "Term": "Bio Cheese",
              "ExtraOutputFields": {},
              "Min": null,
              "Max": null,
              "Applied": false,
              "Count": 5,
              "Statement": null,
              "DisplayCoachMarks": false
            },
            {
              "Name": "Blue Diamond",
              "Term": "Blue Diamond",
              "ExtraOutputFields": {},
              "Min": null,
              "Max": null,
              "Applied": false,
              "Count": 1,
              "Statement": null,
              "DisplayCoachMarks": false
            },
            {
              "Name": "Bonsoy",
              "Term": "Bonsoy",
              "ExtraOutputFields": {},
              "Min": null,
              "Max": null,
              "Applied": false,
              "Count": 2,
              "Statement": null,
              "DisplayCoachMarks": false
            },
            {
              "Name": "Boursin",
              "Term": "Boursin",
              "ExtraOutputFields": {},
              "Min": null,
              "Max": null,
              "Applied": false,
              "Count": 1,
              "Statement": null,
              "DisplayCoachMarks": false
            },
            {
              "Name": "Brancourts",
              "Term": "Brancourts",
              "ExtraOutputFields": {},
              "Min": null,
              "Max": null,
              "Applied": false,
              "Count": 4,
              "Statement": null,
              "DisplayCoachMarks": false
            },
            {
              "Name": "Brownes",
              "Term": "Brownes",
              "ExtraOutputFields": {},
              "Min": null,
              "Max": null,
              "Applied": false,
              "Count": 4,
              "Statement": null,
              "DisplayCoachMarks": false
            },
            {
              "Name": "Bulla",
              "Term": "Bulla",
              "ExtraOutputFields": {},
              "Min": null,
              "Max": null,
              "Applied": false,
              "Count": 14,
              "Statement": null,
              "DisplayCoachMarks": false
            }
          ]
        },
        {
          "Alphabet": "C",
          "Filters": [
            {
              "Name": "Califia Farms",
              "Term": "Califia Farms",
              "ExtraOutputFields": {},
              "Min": null,
              "Max": null,
              "Applied": false,
              "Count": 3,
              "Statement": null,
              "DisplayCoachMarks": false
            },
            {
              "Name": "Caprilac",
              "Term": "Caprilac",
              "ExtraOutputFields": {},
              "Min": null,
              "Max": null,
              "Applied": false,
              "Count": 1,
              "Statement": null,
              "DisplayCoachMarks": false
            },
            {
              "Name": "Casa Leonardi",
              "Term": "Casa Leonardi",
              "ExtraOutputFields": {},
              "Min": null,
              "Max": null,
              "Applied": false,
              "Count": 1,
              "Statement": null,
              "DisplayCoachMarks": false
            },
            {
              "Name": "Castello",
              "Term": "Castello",
              "ExtraOutputFields": {},
              "Min": null,
              "Max": null,
              "Applied": false,
              "Count": 15,
              "Statement": null,
              "DisplayCoachMarks": false
            },
            {
              "Name": "Chan's Yum Cha",
              "Term": "Chan's Yum Cha",
              "ExtraOutputFields": {},
              "Min": null,
              "Max": null,
              "Applied": false,
              "Count": 3,
              "Statement": null,
              "DisplayCoachMarks": false
            },
            {
              "Name": "Chobani",
              "Term": "Chobani",
              "ExtraOutputFields": {},
              "Min": null,
              "Max": null,
              "Applied": false,
              "Count": 36,
              "Statement": null,
              "DisplayCoachMarks": false
            },
            {
              "Name": "Chris'",
              "Term": "Chris'",
              "ExtraOutputFields": {},
              "Min": null,
              "Max": null,
              "Applied": false,
              "Count": 36,
              "Statement": null,
              "DisplayCoachMarks": false
            },
            {
              "Name": "Chrystal Fresh",
              "Term": "Chrystal Fresh",
              "ExtraOutputFields": {},
              "Min": null,
              "Max": null,
              "Applied": false,
              "Count": 1,
              "Statement": null,
              "DisplayCoachMarks": false
            },
            {
              "Name": "Cocobella",
              "Term": "Cocobella",
              "ExtraOutputFields": {},
              "Min": null,
              "Max": null,
              "Applied": false,
              "Count": 8,
              "Statement": null,
              "DisplayCoachMarks": false
            },
            {
              "Name": "Coon",
              "Term": "Coon",
              "ExtraOutputFields": {},
              "Min": null,
              "Max": null,
              "Applied": false,
              "Count": 11,
              "Statement": null,
              "DisplayCoachMarks": false
            },
            {
              "Name": "Copha",
              "Term": "Copha",
              "ExtraOutputFields": {},
              "Min": null,
              "Max": null,
              "Applied": false,
              "Count": 1,
              "Statement": null,
              "DisplayCoachMarks": false
            },
            {
              "Name": "Coyo",
              "Term": "Coyo",
              "ExtraOutputFields": {},
              "Min": null,
              "Max": null,
              "Applied": false,
              "Count": 1,
              "Statement": null,
              "DisplayCoachMarks": false
            },
            {
              "Name": "COYO",
              "Term": "COYO",
              "ExtraOutputFields": {},
              "Min": null,
              "Max": null,
              "Applied": false,
              "Count": 1,
              "Statement": null,
              "DisplayCoachMarks": false
            },
            {
              "Name": "Cracker Barrel",
              "Term": "Cracker Barrel",
              "ExtraOutputFields": {},
              "Min": null,
              "Max": null,
              "Applied": false,
              "Count": 8,
              "Statement": null,
              "DisplayCoachMarks": false
            },
            {
              "Name": "Creative Foods",
              "Term": "Creative Foods",
              "ExtraOutputFields": {},
              "Min": null,
              "Max": null,
              "Applied": false,
              "Count": 1,
              "Statement": null,
              "DisplayCoachMarks": false
            }
          ]
        },
        {
          "Alphabet": "D",
          "Filters": [
            {
              "Name": "Dairy Farmers",
              "Term": "Dairy Farmers",
              "ExtraOutputFields": {},
              "Min": null,
              "Max": null,
              "Applied": false,
              "Count": 35,
              "Statement": null,
              "DisplayCoachMarks": false
            },
            {
              "Name": "Dairylea",
              "Term": "Dairylea",
              "ExtraOutputFields": {},
              "Min": null,
              "Max": null,
              "Applied": false,
              "Count": 5,
              "Statement": null,
              "DisplayCoachMarks": false
            },
            {
              "Name": "Dairyworks",
              "Term": "Dairyworks",
              "ExtraOutputFields": {},
              "Min": null,
              "Max": null,
              "Applied": false,
              "Count": 17,
              "Statement": null,
              "DisplayCoachMarks": false
            },
            {
              "Name": "Daly Potato Co.",
              "Term": "Daly Potato Co.",
              "ExtraOutputFields": {},
              "Min": null,
              "Max": null,
              "Applied": false,
              "Count": 1,
              "Statement": null,
              "DisplayCoachMarks": false
            },
            {
              "Name": "Danone",
              "Term": "Danone",
              "ExtraOutputFields": {},
              "Min": null,
              "Max": null,
              "Applied": false,
              "Count": 40,
              "Statement": null,
              "DisplayCoachMarks": false
            },
            {
              "Name": "Dare",
              "Term": "Dare",
              "ExtraOutputFields": {},
              "Min": null,
              "Max": null,
              "Applied": false,
              "Count": 12,
              "Statement": null,
              "DisplayCoachMarks": false
            },
            {
              "Name": "Darikay",
              "Term": "Darikay",
              "ExtraOutputFields": {},
              "Min": null,
              "Max": null,
              "Applied": false,
              "Count": 9,
              "Statement": null,
              "DisplayCoachMarks": false
            },
            {
              "Name": "Della Rosa",
              "Term": "Della Rosa",
              "ExtraOutputFields": {},
              "Min": null,
              "Max": null,
              "Applied": false,
              "Count": 13,
              "Statement": null,
              "DisplayCoachMarks": false
            },
            {
              "Name": "Devondale",
              "Term": "Devondale",
              "ExtraOutputFields": {},
              "Min": null,
              "Max": null,
              "Applied": false,
              "Count": 19,
              "Statement": null,
              "DisplayCoachMarks": false
            },
            {
              "Name": "Diploma",
              "Term": "Diploma",
              "ExtraOutputFields": {},
              "Min": null,
              "Max": null,
              "Applied": false,
              "Count": 1,
              "Statement": null,
              "DisplayCoachMarks": false
            },
            {
              "Name": "Divine Classic",
              "Term": "Divine Classic",
              "ExtraOutputFields": {},
              "Min": null,
              "Max": null,
              "Applied": false,
              "Count": 1,
              "Statement": null,
              "DisplayCoachMarks": false
            },
            {
              "Name": "Dodoni",
              "Term": "Dodoni",
              "ExtraOutputFields": {},
              "Min": null,
              "Max": null,
              "Applied": false,
              "Count": 5,
              "Statement": null,
              "DisplayCoachMarks": false
            }
          ]
        },
        {
          "Alphabet": "E",
          "Filters": [
            {
              "Name": "Easiyo",
              "Term": "Easiyo",
              "ExtraOutputFields": {},
              "Min": null,
              "Max": null,
              "Applied": false,
              "Count": 11,
              "Statement": null,
              "DisplayCoachMarks": false
            },
            {
              "Name": "EasiYo",
              "Term": "EasiYo",
              "ExtraOutputFields": {},
              "Min": null,
              "Max": null,
              "Applied": false,
              "Count": 1,
              "Statement": null,
              "DisplayCoachMarks": false
            },
            {
              "Name": "Eskal",
              "Term": "Eskal",
              "ExtraOutputFields": {},
              "Min": null,
              "Max": null,
              "Applied": false,
              "Count": 6,
              "Statement": null,
              "DisplayCoachMarks": false
            },
            {
              "Name": "Essentials",
              "Term": "Essentials",
              "ExtraOutputFields": {},
              "Min": null,
              "Max": null,
              "Applied": false,
              "Count": 9,
              "Statement": null,
              "DisplayCoachMarks": false
            },
            {
              "Name": "Ever Green",
              "Term": "Ever Green",
              "ExtraOutputFields": {},
              "Min": null,
              "Max": null,
              "Applied": false,
              "Count": 2,
              "Statement": null,
              "DisplayCoachMarks": false
            },
            {
              "Name": "Evergreen",
              "Term": "Evergreen",
              "ExtraOutputFields": {},
              "Min": null,
              "Max": null,
              "Applied": false,
              "Count": 16,
              "Statement": null,
              "DisplayCoachMarks": false
            },
            {
              "Name": "Evia",
              "Term": "Evia",
              "ExtraOutputFields": {},
              "Min": null,
              "Max": null,
              "Applied": false,
              "Count": 5,
              "Statement": null,
              "DisplayCoachMarks": false
            }
          ]
        },
        {
          "Alphabet": "F",
          "Filters": [
            {
              "Name": "Fable",
              "Term": "Fable",
              "ExtraOutputFields": {},
              "Min": null,
              "Max": null,
              "Applied": false,
              "Count": 4,
              "Statement": null,
              "DisplayCoachMarks": false
            },
            {
              "Name": "Fairy",
              "Term": "Fairy",
              "ExtraOutputFields": {},
              "Min": null,
              "Max": null,
              "Applied": false,
              "Count": 1,
              "Statement": null,
              "DisplayCoachMarks": false
            },
            {
              "Name": "Fancy Plants",
              "Term": "Fancy Plants",
              "ExtraOutputFields": {},
              "Min": null,
              "Max": null,
              "Applied": false,
              "Count": 2,
              "Statement": null,
              "DisplayCoachMarks": false
            },
            {
              "Name": "Fantastic",
              "Term": "Fantastic",
              "ExtraOutputFields": {},
              "Min": null,
              "Max": null,
              "Applied": false,
              "Count": 2,
              "Statement": null,
              "DisplayCoachMarks": false
            },
            {
              "Name": "Farmers Own",
              "Term": "Farmers Own",
              "ExtraOutputFields": {},
              "Min": null,
              "Max": null,
              "Applied": false,
              "Count": 6,
              "Statement": null,
              "DisplayCoachMarks": false
            },
            {
              "Name": "Farmers Union",
              "Term": "Farmers Union",
              "ExtraOutputFields": {},
              "Min": null,
              "Max": null,
              "Applied": false,
              "Count": 16,
              "Statement": null,
              "DisplayCoachMarks": false
            },
            {
              "Name": "Farmhouse Gold",
              "Term": "Farmhouse Gold",
              "ExtraOutputFields": {},
              "Min": null,
              "Max": null,
              "Applied": false,
              "Count": 1,
              "Statement": null,
              "DisplayCoachMarks": false
            },
            {
              "Name": "Fifya",
              "Term": "Fifya",
              "ExtraOutputFields": {},
              "Min": null,
              "Max": null,
              "Applied": false,
              "Count": 2,
              "Statement": null,
              "DisplayCoachMarks": false
            },
            {
              "Name": "First Press",
              "Term": "First Press",
              "ExtraOutputFields": {},
              "Min": null,
              "Max": null,
              "Applied": false,
              "Count": 2,
              "Statement": null,
              "DisplayCoachMarks": false
            },
            {
              "Name": "Five:Am",
              "Term": "Five:Am",
              "ExtraOutputFields": {},
              "Min": null,
              "Max": null,
              "Applied": false,
              "Count": 9,
              "Statement": null,
              "DisplayCoachMarks": false
            },
            {
              "Name": "Flora",
              "Term": "Flora",
              "ExtraOutputFields": {},
              "Min": null,
              "Max": null,
              "Applied": false,
              "Count": 19,
              "Statement": null,
              "DisplayCoachMarks": false
            },
            {
              "Name": "Foster Clark's",
              "Term": "Foster Clark's",
              "ExtraOutputFields": {},
              "Min": null,
              "Max": null,
              "Applied": false,
              "Count": 6,
              "Statement": null,
              "DisplayCoachMarks": false
            },
            {
              "Name": "Fresh Fodder",
              "Term": "Fresh Fodder",
              "ExtraOutputFields": {},
              "Min": null,
              "Max": null,
              "Applied": false,
              "Count": 3,
              "Statement": null,
              "DisplayCoachMarks": false
            },
            {
              "Name": "Frico",
              "Term": "Frico",
              "ExtraOutputFields": {},
              "Min": null,
              "Max": null,
              "Applied": false,
              "Count": 10,
              "Statement": null,
              "DisplayCoachMarks": false
            },
            {
              "Name": "Fromager D'Affinois",
              "Term": "Fromager D'Affinois",
              "ExtraOutputFields": {},
              "Min": null,
              "Max": null,
              "Applied": false,
              "Count": 2,
              "Statement": null,
              "DisplayCoachMarks": false
            }
          ]
        },
        {
          "Alphabet": "G",
          "Filters": [
            {
              "Name": "Garlo's",
              "Term": "Garlo's",
              "ExtraOutputFields": {},
              "Min": null,
              "Max": null,
              "Applied": false,
              "Count": 2,
              "Statement": null,
              "DisplayCoachMarks": false
            },
            {
              "Name": "Geoff Jansz",
              "Term": "Geoff Jansz",
              "ExtraOutputFields": {},
              "Min": null,
              "Max": null,
              "Applied": false,
              "Count": 2,
              "Statement": null,
              "DisplayCoachMarks": false
            },
            {
              "Name": "Gippsland",
              "Term": "Gippsland",
              "ExtraOutputFields": {},
              "Min": null,
              "Max": null,
              "Applied": false,
              "Count": 20,
              "Statement": null,
              "DisplayCoachMarks": false
            },
            {
              "Name": "Gold'N Canola",
              "Term": "Gold'N Canola",
              "ExtraOutputFields": {},
              "Min": null,
              "Max": null,
              "Applied": false,
              "Count": 1,
              "Statement": null,
              "DisplayCoachMarks": false
            },
            {
              "Name": "Good Bones",
              "Term": "Good Bones",
              "ExtraOutputFields": {},
              "Min": null,
              "Max": null,
              "Applied": false,
              "Count": 2,
              "Statement": null,
              "DisplayCoachMarks": false
            },
            {
              "Name": "Grand Italian",
              "Term": "Grand Italian",
              "ExtraOutputFields": {},
              "Min": null,
              "Max": null,
              "Applied": false,
              "Count": 5,
              "Statement": null,
              "DisplayCoachMarks": false
            },
            {
              "Name": "Greek Family Farm",
              "Term": "Greek Family Farm",
              "ExtraOutputFields": {},
              "Min": null,
              "Max": null,
              "Applied": false,
              "Count": 1,
              "Statement": null,
              "DisplayCoachMarks": false
            },
            {
              "Name": "Guilleteau",
              "Term": "Guilleteau",
              "ExtraOutputFields": {},
              "Min": null,
              "Max": null,
              "Applied": false,
              "Count": 1,
              "Statement": null,
              "DisplayCoachMarks": false
            },
            {
              "Name": "Guzzi's",
              "Term": "Guzzi's",
              "ExtraOutputFields": {},
              "Min": null,
              "Max": null,
              "Applied": false,
              "Count": 1,
              "Statement": null,
              "DisplayCoachMarks": false
            }
          ]
        },
        {
          "Alphabet": "H",
          "Filters": [
            {
              "Name": "Hakka",
              "Term": "Hakka",
              "ExtraOutputFields": {},
              "Min": null,
              "Max": null,
              "Applied": false,
              "Count": 8,
              "Statement": null,
              "DisplayCoachMarks": false
            },
            {
              "Name": "Hans",
              "Term": "Hans",
              "ExtraOutputFields": {},
              "Min": null,
              "Max": null,
              "Applied": false,
              "Count": 4,
              "Statement": null,
              "DisplayCoachMarks": false
            },
            {
              "Name": "Hero",
              "Term": "Hero",
              "ExtraOutputFields": {},
              "Min": null,
              "Max": null,
              "Applied": false,
              "Count": 1,
              "Statement": null,
              "DisplayCoachMarks": false
            },
            {
              "Name": "Hillview",
              "Term": "Hillview",
              "ExtraOutputFields": {},
              "Min": null,
              "Max": null,
              "Applied": false,
              "Count": 4,
              "Statement": null,
              "DisplayCoachMarks": false
            },
            {
              "Name": "Holland House",
              "Term": "Holland House",
              "ExtraOutputFields": {},
              "Min": null,
              "Max": null,
              "Applied": false,
              "Count": 1,
              "Statement": null,
              "DisplayCoachMarks": false
            },
            {
              "Name": "Hunt And Brew",
              "Term": "Hunt And Brew",
              "ExtraOutputFields": {},
              "Min": null,
              "Max": null,
              "Applied": false,
              "Count": 2,
              "Statement": null,
              "DisplayCoachMarks": false
            },
            {
              "Name": "Hunter Belle",
              "Term": "Hunter Belle",
              "ExtraOutputFields": {},
              "Min": null,
              "Max": null,
              "Applied": false,
              "Count": 2,
              "Statement": null,
              "DisplayCoachMarks": false
            },
            {
              "Name": "Hunter Valley",
              "Term": "Hunter Valley",
              "ExtraOutputFields": {},
              "Min": null,
              "Max": null,
              "Applied": false,
              "Count": 1,
              "Statement": null,
              "DisplayCoachMarks": false
            }
          ]
        },
        {
          "Alphabet": "I",
          "Filters": [
            {
              "Name": "I Pastai",
              "Term": "I Pastai",
              "ExtraOutputFields": {},
              "Min": null,
              "Max": null,
              "Applied": false,
              "Count": 9,
              "Statement": null,
              "DisplayCoachMarks": false
            },
            {
              "Name": "Ice Break",
              "Term": "Ice Break",
              "ExtraOutputFields": {},
              "Min": null,
              "Max": null,
              "Applied": false,
              "Count": 5,
              "Statement": null,
              "DisplayCoachMarks": false
            },
            {
              "Name": "Inside Out",
              "Term": "Inside Out",
              "ExtraOutputFields": {},
              "Min": null,
              "Max": null,
              "Applied": false,
              "Count": 6,
              "Statement": null,
              "DisplayCoachMarks": false
            }
          ]
        },
        {
          "Alphabet": "J",
          "Filters": [
            {
              "Name": "Jacquin",
              "Term": "Jacquin",
              "ExtraOutputFields": {},
              "Min": null,
              "Max": null,
              "Applied": false,
              "Count": 2,
              "Statement": null,
              "DisplayCoachMarks": false
            },
            {
              "Name": "Jalna",
              "Term": "Jalna",
              "ExtraOutputFields": {},
              "Min": null,
              "Max": null,
              "Applied": false,
              "Count": 10,
              "Statement": null,
              "DisplayCoachMarks": false
            },
            {
              "Name": "Jarlsberg",
              "Term": "Jarlsberg",
              "ExtraOutputFields": {},
              "Min": null,
              "Max": null,
              "Applied": false,
              "Count": 5,
              "Statement": null,
              "DisplayCoachMarks": false
            },
            {
              "Name": "Jase's Kitchen",
              "Term": "Jase's Kitchen",
              "ExtraOutputFields": {},
              "Min": null,
              "Max": null,
              "Applied": false,
              "Count": 1,
              "Statement": null,
              "DisplayCoachMarks": false
            },
            {
              "Name": "Julianne's Kitchen",
              "Term": "Julianne's Kitchen",
              "ExtraOutputFields": {},
              "Min": null,
              "Max": null,
              "Applied": false,
              "Count": 1,
              "Statement": null,
              "DisplayCoachMarks": false
            },
            {
              "Name": "Julian's",
              "Term": "Julian's",
              "ExtraOutputFields": {},
              "Min": null,
              "Max": null,
              "Applied": false,
              "Count": 1,
              "Statement": null,
              "DisplayCoachMarks": false
            },
            {
              "Name": "Just 4 You",
              "Term": "Just 4 You",
              "ExtraOutputFields": {},
              "Min": null,
              "Max": null,
              "Applied": false,
              "Count": 1,
              "Statement": null,
              "DisplayCoachMarks": false
            },
            {
              "Name": "Just Veg.",
              "Term": "Just Veg.",
              "ExtraOutputFields": {},
              "Min": null,
              "Max": null,
              "Applied": false,
              "Count": 2,
              "Statement": null,
              "DisplayCoachMarks": false
            }
          ]
        },
        {
          "Alphabet": "K",
          "Filters": [
            {
              "Name": "Kehoe's",
              "Term": "Kehoe's",
              "ExtraOutputFields": {},
              "Min": null,
              "Max": null,
              "Applied": false,
              "Count": 4,
              "Statement": null,
              "DisplayCoachMarks": false
            },
            {
              "Name": "Kenilworth",
              "Term": "Kenilworth",
              "ExtraOutputFields": {},
              "Min": null,
              "Max": null,
              "Applied": false,
              "Count": 1,
              "Statement": null,
              "DisplayCoachMarks": false
            },
            {
              "Name": "King Island",
              "Term": "King Island",
              "ExtraOutputFields": {},
              "Min": null,
              "Max": null,
              "Applied": false,
              "Count": 9,
              "Statement": null,
              "DisplayCoachMarks": false
            },
            {
              "Name": "Kiri",
              "Term": "Kiri",
              "ExtraOutputFields": {},
              "Min": null,
              "Max": null,
              "Applied": false,
              "Count": 2,
              "Statement": null,
              "DisplayCoachMarks": false
            },
            {
              "Name": "Kraft",
              "Term": "Kraft",
              "ExtraOutputFields": {},
              "Min": null,
              "Max": null,
              "Applied": false,
              "Count": 5,
              "Statement": null,
              "DisplayCoachMarks": false
            }
          ]
        },
        {
          "Alphabet": "L",
          "Filters": [
            {
              "Name": "La Casa",
              "Term": "La Casa",
              "ExtraOutputFields": {},
              "Min": null,
              "Max": null,
              "Applied": false,
              "Count": 10,
              "Statement": null,
              "DisplayCoachMarks": false
            },
            {
              "Name": "La Famiglia",
              "Term": "La Famiglia",
              "ExtraOutputFields": {},
              "Min": null,
              "Max": null,
              "Applied": false,
              "Count": 9,
              "Statement": null,
              "DisplayCoachMarks": false
            },
            {
              "Name": "La Stella",
              "Term": "La Stella",
              "ExtraOutputFields": {},
              "Min": null,
              "Max": null,
              "Applied": false,
              "Count": 5,
              "Statement": null,
              "DisplayCoachMarks": false
            },
            {
              "Name": "La Tosca",
              "Term": "La Tosca",
              "ExtraOutputFields": {},
              "Min": null,
              "Max": null,
              "Applied": false,
              "Count": 3,
              "Statement": null,
              "DisplayCoachMarks": false
            },
            {
              "Name": "Latina Fresh",
              "Term": "Latina Fresh",
              "ExtraOutputFields": {},
              "Min": null,
              "Max": null,
              "Applied": false,
              "Count": 26,
              "Statement": null,
              "DisplayCoachMarks": false
            },
            {
              "Name": "Laughing Cow",
              "Term": "Laughing Cow",
              "ExtraOutputFields": {},
              "Min": null,
              "Max": null,
              "Applied": false,
              "Count": 6,
              "Statement": null,
              "DisplayCoachMarks": false
            },
            {
              "Name": "Leggos",
              "Term": "Leggos",
              "ExtraOutputFields": {},
              "Min": null,
              "Max": null,
              "Applied": false,
              "Count": 16,
              "Statement": null,
              "DisplayCoachMarks": false
            },
            {
              "Name": "Lemnos",
              "Term": "Lemnos",
              "ExtraOutputFields": {},
              "Min": null,
              "Max": null,
              "Applied": false,
              "Count": 12,
              "Statement": null,
              "DisplayCoachMarks": false
            },
            {
              "Name": "Lewis Road Creamery",
              "Term": "Lewis Road Creamery",
              "ExtraOutputFields": {},
              "Min": null,
              "Max": null,
              "Applied": false,
              "Count": 2,
              "Statement": null,
              "DisplayCoachMarks": false
            },
            {
              "Name": "Liddells",
              "Term": "Liddells",
              "ExtraOutputFields": {},
              "Min": null,
              "Max": null,
              "Applied": false,
              "Count": 11,
              "Statement": null,
              "DisplayCoachMarks": false
            },
            {
              "Name": "Living Planet",
              "Term": "Living Planet",
              "ExtraOutputFields": {},
              "Min": null,
              "Max": null,
              "Applied": false,
              "Count": 1,
              "Statement": null,
              "DisplayCoachMarks": false
            },
            {
              "Name": "Logicol",
              "Term": "Logicol",
              "ExtraOutputFields": {},
              "Min": null,
              "Max": null,
              "Applied": false,
              "Count": 1,
              "Statement": null,
              "DisplayCoachMarks": false
            },
            {
              "Name": "Lurpak",
              "Term": "Lurpak",
              "ExtraOutputFields": {},
              "Min": null,
              "Max": null,
              "Applied": false,
              "Count": 9,
              "Statement": null,
              "DisplayCoachMarks": false
            }
          ]
        },
        {
          "Alphabet": "M",
          "Filters": [
            {
              "Name": "Macro",
              "Term": "Macro",
              "ExtraOutputFields": {},
              "Min": null,
              "Max": null,
              "Applied": false,
              "Count": 25,
              "Statement": null,
              "DisplayCoachMarks": false
            },
            {
              "Name": "Made With Plants",
              "Term": "Made With Plants",
              "ExtraOutputFields": {},
              "Min": null,
              "Max": null,
              "Applied": false,
              "Count": 18,
              "Statement": null,
              "DisplayCoachMarks": false
            },
            {
              "Name": "Maese Miguel",
              "Term": "Maese Miguel",
              "ExtraOutputFields": {},
              "Min": null,
              "Max": null,
              "Applied": false,
              "Count": 1,
              "Statement": null,
              "DisplayCoachMarks": false
            },
            {
              "Name": "Maggie Beer",
              "Term": "Maggie Beer",
              "ExtraOutputFields": {},
              "Min": null,
              "Max": null,
              "Applied": false,
              "Count": 8,
              "Statement": null,
              "DisplayCoachMarks": false
            },
            {
              "Name": "Mainland",
              "Term": "Mainland",
              "ExtraOutputFields": {},
              "Min": null,
              "Max": null,
              "Applied": false,
              "Count": 28,
              "Statement": null,
              "DisplayCoachMarks": false
            },
            {
              "Name": "Manning Valley",
              "Term": "Manning Valley",
              "ExtraOutputFields": {},
              "Min": null,
              "Max": null,
              "Applied": false,
              "Count": 1,
              "Statement": null,
              "DisplayCoachMarks": false
            },
            {
              "Name": "Margaret River",
              "Term": "Margaret River",
              "ExtraOutputFields": {},
              "Min": null,
              "Max": null,
              "Applied": false,
              "Count": 2,
              "Statement": null,
              "DisplayCoachMarks": false
            },
            {
              "Name": "Marsh's",
              "Term": "Marsh's",
              "ExtraOutputFields": {},
              "Min": null,
              "Max": null,
              "Applied": false,
              "Count": 1,
              "Statement": null,
              "DisplayCoachMarks": false
            },
            {
              "Name": "Mc YEE",
              "Term": "Mc YEE",
              "ExtraOutputFields": {},
              "Min": null,
              "Max": null,
              "Applied": false,
              "Count": 7,
              "Statement": null,
              "DisplayCoachMarks": false
            },
            {
              "Name": "Meadowlea",
              "Term": "Meadowlea",
              "ExtraOutputFields": {},
              "Min": null,
              "Max": null,
              "Applied": false,
              "Count": 5,
              "Statement": null,
              "DisplayCoachMarks": false
            },
            {
              "Name": "Meander Valley",
              "Term": "Meander Valley",
              "ExtraOutputFields": {},
              "Min": null,
              "Max": null,
              "Applied": false,
              "Count": 4,
              "Statement": null,
              "DisplayCoachMarks": false
            },
            {
              "Name": "Mediterranean Delite",
              "Term": "Mediterranean Delite",
              "ExtraOutputFields": {},
              "Min": null,
              "Max": null,
              "Applied": false,
              "Count": 4,
              "Statement": null,
              "DisplayCoachMarks": false
            },
            {
              "Name": "Melbourne Cheese Company",
              "Term": "Melbourne Cheese Company",
              "ExtraOutputFields": {},
              "Min": null,
              "Max": null,
              "Applied": false,
              "Count": 2,
              "Statement": null,
              "DisplayCoachMarks": false
            },
            {
              "Name": "Meredith Dairy",
              "Term": "Meredith Dairy",
              "ExtraOutputFields": {},
              "Min": null,
              "Max": null,
              "Applied": false,
              "Count": 8,
              "Statement": null,
              "DisplayCoachMarks": false
            },
            {
              "Name": "Mersey Valley",
              "Term": "Mersey Valley",
              "ExtraOutputFields": {},
              "Min": null,
              "Max": null,
              "Applied": false,
              "Count": 14,
              "Statement": null,
              "DisplayCoachMarks": false
            },
            {
              "Name": "Mifroma",
              "Term": "Mifroma",
              "ExtraOutputFields": {},
              "Min": null,
              "Max": null,
              "Applied": false,
              "Count": 2,
              "Statement": null,
              "DisplayCoachMarks": false
            },
            {
              "Name": "Mil Lel",
              "Term": "Mil Lel",
              "ExtraOutputFields": {},
              "Min": null,
              "Max": null,
              "Applied": false,
              "Count": 5,
              "Statement": null,
              "DisplayCoachMarks": false
            },
            {
              "Name": "Milo",
              "Term": "Milo",
              "ExtraOutputFields": {},
              "Min": null,
              "Max": null,
              "Applied": false,
              "Count": 1,
              "Statement": null,
              "DisplayCoachMarks": false
            },
            {
              "Name": "Mon Ami",
              "Term": "Mon Ami",
              "ExtraOutputFields": {},
              "Min": null,
              "Max": null,
              "Applied": false,
              "Count": 3,
              "Statement": null,
              "DisplayCoachMarks": false
            },
            {
              "Name": "Moving Mountains",
              "Term": "Moving Mountains",
              "ExtraOutputFields": {},
              "Min": null,
              "Max": null,
              "Applied": false,
              "Count": 2,
              "Statement": null,
              "DisplayCoachMarks": false
            },
            {
              "Name": "Munchables",
              "Term": "Munchables",
              "ExtraOutputFields": {},
              "Min": null,
              "Max": null,
              "Applied": false,
              "Count": 1,
              "Statement": null,
              "DisplayCoachMarks": false
            }
          ]
        },
        {
          "Alphabet": "N",
          "Filters": [
            {
              "Name": "Nakula",
              "Term": "Nakula",
              "ExtraOutputFields": {},
              "Min": null,
              "Max": null,
              "Applied": false,
              "Count": 11,
              "Statement": null,
              "DisplayCoachMarks": false
            },
            {
              "Name": "Naturli",
              "Term": "Naturli",
              "ExtraOutputFields": {},
              "Min": null,
              "Max": null,
              "Applied": false,
              "Count": 1,
              "Statement": null,
              "DisplayCoachMarks": false
            },
            {
              "Name": "Nestle",
              "Term": "Nestle",
              "ExtraOutputFields": {},
              "Min": null,
              "Max": null,
              "Applied": false,
              "Count": 8,
              "Statement": null,
              "DisplayCoachMarks": false
            },
            {
              "Name": "NESTLE",
              "Term": "NESTLE",
              "ExtraOutputFields": {},
              "Min": null,
              "Max": null,
              "Applied": false,
              "Count": 3,
              "Statement": null,
              "DisplayCoachMarks": false
            },
            {
              "Name": "Nestlé Australia",
              "Term": "Nestlé Australia",
              "ExtraOutputFields": {},
              "Min": null,
              "Max": null,
              "Applied": false,
              "Count": 1,
              "Statement": null,
              "DisplayCoachMarks": false
            },
            {
              "Name": "Nevana",
              "Term": "Nevana",
              "ExtraOutputFields": {},
              "Min": null,
              "Max": null,
              "Applied": false,
              "Count": 1,
              "Statement": null,
              "DisplayCoachMarks": false
            },
            {
              "Name": "Next Gen",
              "Term": "Next Gen",
              "ExtraOutputFields": {},
              "Min": null,
              "Max": null,
              "Applied": false,
              "Count": 1,
              "Statement": null,
              "DisplayCoachMarks": false
            },
            {
              "Name": "Norco",
              "Term": "Norco",
              "ExtraOutputFields": {},
              "Min": null,
              "Max": null,
              "Applied": false,
              "Count": 3,
              "Statement": null,
              "DisplayCoachMarks": false
            },
            {
              "Name": "Nutriboost",
              "Term": "Nutriboost",
              "ExtraOutputFields": {},
              "Min": null,
              "Max": null,
              "Applied": false,
              "Count": 3,
              "Statement": null,
              "DisplayCoachMarks": false
            },
            {
              "Name": "Nuttelex",
              "Term": "Nuttelex",
              "ExtraOutputFields": {},
              "Min": null,
              "Max": null,
              "Applied": false,
              "Count": 7,
              "Statement": null,
              "DisplayCoachMarks": false
            },
            {
              "Name": "Nutty Bruce",
              "Term": "Nutty Bruce",
              "ExtraOutputFields": {},
              "Min": null,
              "Max": null,
              "Applied": false,
              "Count": 3,
              "Statement": null,
              "DisplayCoachMarks": false
            }
          ]
        },
        {
          "Alphabet": "O",
          "Filters": [
            {
              "Name": "Oak",
              "Term": "Oak",
              "ExtraOutputFields": {},
              "Min": null,
              "Max": null,
              "Applied": false,
              "Count": 25,
              "Statement": null,
              "DisplayCoachMarks": false
            },
            {
              "Name": "Oatly",
              "Term": "Oatly",
              "ExtraOutputFields": {},
              "Min": null,
              "Max": null,
              "Applied": false,
              "Count": 4,
              "Statement": null,
              "DisplayCoachMarks": false
            },
            {
              "Name": "Obela",
              "Term": "Obela",
              "ExtraOutputFields": {},
              "Min": null,
              "Max": null,
              "Applied": false,
              "Count": 27,
              "Statement": null,
              "DisplayCoachMarks": false
            },
            {
              "Name": "Olive Grove",
              "Term": "Olive Grove",
              "ExtraOutputFields": {},
              "Min": null,
              "Max": null,
              "Applied": false,
              "Count": 2,
              "Statement": null,
              "DisplayCoachMarks": false
            }
          ]
        },
        {
          "Alphabet": "P",
          "Filters": [
            {
              "Name": "Pantalica",
              "Term": "Pantalica",
              "ExtraOutputFields": {},
              "Min": null,
              "Max": null,
              "Applied": false,
              "Count": 2,
              "Statement": null,
              "DisplayCoachMarks": false
            },
            {
              "Name": "Paris Creek Farms",
              "Term": "Paris Creek Farms",
              "ExtraOutputFields": {},
              "Min": null,
              "Max": null,
              "Applied": false,
              "Count": 2,
              "Statement": null,
              "DisplayCoachMarks": false
            },
            {
              "Name": "Pasta Master",
              "Term": "Pasta Master",
              "ExtraOutputFields": {},
              "Min": null,
              "Max": null,
              "Applied": false,
              "Count": 3,
              "Statement": null,
              "DisplayCoachMarks": false
            },
            {
              "Name": "Pauls",
              "Term": "Pauls",
              "ExtraOutputFields": {},
              "Min": null,
              "Max": null,
              "Applied": false,
              "Count": 47,
              "Statement": null,
              "DisplayCoachMarks": false
            },
            {
              "Name": "Perfect Italiano",
              "Term": "Perfect Italiano",
              "ExtraOutputFields": {},
              "Min": null,
              "Max": null,
              "Applied": false,
              "Count": 17,
              "Statement": null,
              "DisplayCoachMarks": false
            },
            {
              "Name": "Petite Cuisine",
              "Term": "Petite Cuisine",
              "ExtraOutputFields": {},
              "Min": null,
              "Max": null,
              "Applied": false,
              "Count": 4,
              "Statement": null,
              "DisplayCoachMarks": false
            },
            {
              "Name": "Philadelphia",
              "Term": "Philadelphia",
              "ExtraOutputFields": {},
              "Min": null,
              "Max": null,
              "Applied": false,
              "Count": 15,
              "Statement": null,
              "DisplayCoachMarks": false
            },
            {
              "Name": "Picante",
              "Term": "Picante",
              "ExtraOutputFields": {},
              "Min": null,
              "Max": null,
              "Applied": false,
              "Count": 4,
              "Statement": null,
              "DisplayCoachMarks": false
            },
            {
              "Name": "Picasso",
              "Term": "Picasso",
              "ExtraOutputFields": {},
              "Min": null,
              "Max": null,
              "Applied": false,
              "Count": 3,
              "Statement": null,
              "DisplayCoachMarks": false
            },
            {
              "Name": "Picasso Kitchen",
              "Term": "Picasso Kitchen",
              "ExtraOutputFields": {},
              "Min": null,
              "Max": null,
              "Applied": false,
              "Count": 5,
              "Statement": null,
              "DisplayCoachMarks": false
            },
            {
              "Name": "Picon",
              "Term": "Picon",
              "ExtraOutputFields": {},
              "Min": null,
              "Max": null,
              "Applied": false,
              "Count": 1,
              "Statement": null,
              "DisplayCoachMarks": false
            },
            {
              "Name": "Pilpel",
              "Term": "Pilpel",
              "ExtraOutputFields": {},
              "Min": null,
              "Max": null,
              "Applied": false,
              "Count": 4,
              "Statement": null,
              "DisplayCoachMarks": false
            },
            {
              "Name": "Pitango",
              "Term": "Pitango",
              "ExtraOutputFields": {},
              "Min": null,
              "Max": null,
              "Applied": false,
              "Count": 4,
              "Statement": null,
              "DisplayCoachMarks": false
            },
            {
              "Name": "Plant Asia",
              "Term": "Plant Asia",
              "ExtraOutputFields": {},
              "Min": null,
              "Max": null,
              "Applied": false,
              "Count": 3,
              "Statement": null,
              "DisplayCoachMarks": false
            },
            {
              "Name": "Plantein",
              "Term": "Plantein",
              "ExtraOutputFields": {},
              "Min": null,
              "Max": null,
              "Applied": false,
              "Count": 3,
              "Statement": null,
              "DisplayCoachMarks": false
            },
            {
              "Name": "Plantitude",
              "Term": "Plantitude",
              "ExtraOutputFields": {},
              "Min": null,
              "Max": null,
              "Applied": false,
              "Count": 3,
              "Statement": null,
              "DisplayCoachMarks": false
            },
            {
              "Name": "President",
              "Term": "President",
              "ExtraOutputFields": {},
              "Min": null,
              "Max": null,
              "Applied": false,
              "Count": 6,
              "Statement": null,
              "DisplayCoachMarks": false
            },
            {
              "Name": "Primo",
              "Term": "Primo",
              "ExtraOutputFields": {},
              "Min": null,
              "Max": null,
              "Applied": false,
              "Count": 11,
              "Statement": null,
              "DisplayCoachMarks": false
            },
            {
              "Name": "Pro Live",
              "Term": "Pro Live",
              "ExtraOutputFields": {},
              "Min": null,
              "Max": null,
              "Applied": false,
              "Count": 1,
              "Statement": null,
              "DisplayCoachMarks": false
            },
            {
              "Name": "Pura",
              "Term": "Pura",
              "ExtraOutputFields": {},
              "Min": null,
              "Max": null,
              "Applied": false,
              "Count": 2,
              "Statement": null,
              "DisplayCoachMarks": false
            },
            {
              "Name": "Puregg",
              "Term": "Puregg",
              "ExtraOutputFields": {},
              "Min": null,
              "Max": null,
              "Applied": false,
              "Count": 1,
              "Statement": null,
              "DisplayCoachMarks": false
            },
            {
              "Name": "Pureharvest",
              "Term": "Pureharvest",
              "ExtraOutputFields": {},
              "Min": null,
              "Max": null,
              "Applied": false,
              "Count": 7,
              "Statement": null,
              "DisplayCoachMarks": false
            }
          ]
        },
        {
          "Alphabet": "Q",
          "Filters": []
        },
        {
          "Alphabet": "R",
          "Filters": [
            {
              "Name": "Rafferty's Garden",
              "Term": "Rafferty's Garden",
              "ExtraOutputFields": {},
              "Min": null,
              "Max": null,
              "Applied": false,
              "Count": 3,
              "Statement": null,
              "DisplayCoachMarks": false
            },
            {
              "Name": "Raguletto",
              "Term": "Raguletto",
              "ExtraOutputFields": {},
              "Min": null,
              "Max": null,
              "Applied": false,
              "Count": 2,
              "Statement": null,
              "DisplayCoachMarks": false
            },
            {
              "Name": "Rana",
              "Term": "Rana",
              "ExtraOutputFields": {},
              "Min": null,
              "Max": null,
              "Applied": false,
              "Count": 11,
              "Statement": null,
              "DisplayCoachMarks": false
            },
            {
              "Name": "Red Rock Deli",
              "Term": "Red Rock Deli",
              "ExtraOutputFields": {},
              "Min": null,
              "Max": null,
              "Applied": false,
              "Count": 8,
              "Statement": null,
              "DisplayCoachMarks": false
            },
            {
              "Name": "Ritz",
              "Term": "Ritz",
              "ExtraOutputFields": {},
              "Min": null,
              "Max": null,
              "Applied": false,
              "Count": 4,
              "Statement": null,
              "DisplayCoachMarks": false
            },
            {
              "Name": "Riverina",
              "Term": "Riverina",
              "ExtraOutputFields": {},
              "Min": null,
              "Max": null,
              "Applied": false,
              "Count": 4,
              "Statement": null,
              "DisplayCoachMarks": false
            },
            {
              "Name": "Roar",
              "Term": "Roar",
              "ExtraOutputFields": {},
              "Min": null,
              "Max": null,
              "Applied": false,
              "Count": 4,
              "Statement": null,
              "DisplayCoachMarks": false
            },
            {
              "Name": "Rokeby Farms",
              "Term": "Rokeby Farms",
              "ExtraOutputFields": {},
              "Min": null,
              "Max": null,
              "Applied": false,
              "Count": 7,
              "Statement": null,
              "DisplayCoachMarks": false
            }
          ]
        },
        {
          "Alphabet": "S",
          "Filters": [
            {
              "Name": "Sa Gourmet Food Co",
              "Term": "Sa Gourmet Food Co",
              "ExtraOutputFields": {},
              "Min": null,
              "Max": null,
              "Applied": false,
              "Count": 3,
              "Statement": null,
              "DisplayCoachMarks": false
            },
            {
              "Name": "Saint Agur",
              "Term": "Saint Agur",
              "ExtraOutputFields": {},
              "Min": null,
              "Max": null,
              "Applied": false,
              "Count": 1,
              "Statement": null,
              "DisplayCoachMarks": false
            },
            {
              "Name": "Sanitarium",
              "Term": "Sanitarium",
              "ExtraOutputFields": {},
              "Min": null,
              "Max": null,
              "Applied": false,
              "Count": 19,
              "Statement": null,
              "DisplayCoachMarks": false
            },
            {
              "Name": "Senza",
              "Term": "Senza",
              "ExtraOutputFields": {},
              "Min": null,
              "Max": null,
              "Applied": false,
              "Count": 2,
              "Statement": null,
              "DisplayCoachMarks": false
            },
            {
              "Name": "Shaw River",
              "Term": "Shaw River",
              "ExtraOutputFields": {},
              "Min": null,
              "Max": null,
              "Applied": false,
              "Count": 1,
              "Statement": null,
              "DisplayCoachMarks": false
            },
            {
              "Name": "Sheese",
              "Term": "Sheese",
              "ExtraOutputFields": {},
              "Min": null,
              "Max": null,
              "Applied": false,
              "Count": 3,
              "Statement": null,
              "DisplayCoachMarks": false
            },
            {
              "Name": "Siggi's",
              "Term": "Siggi's",
              "ExtraOutputFields": {},
              "Min": null,
              "Max": null,
              "Applied": false,
              "Count": 15,
              "Statement": null,
              "DisplayCoachMarks": false
            },
            {
              "Name": "Simmone Logue",
              "Term": "Simmone Logue",
              "ExtraOutputFields": {},
              "Min": null,
              "Max": null,
              "Applied": false,
              "Count": 12,
              "Statement": null,
              "DisplayCoachMarks": false
            },
            {
              "Name": "Singletons",
              "Term": "Singletons",
              "ExtraOutputFields": {},
              "Min": null,
              "Max": null,
              "Applied": false,
              "Count": 1,
              "Statement": null,
              "DisplayCoachMarks": false
            },
            {
              "Name": "Snowdonia",
              "Term": "Snowdonia",
              "ExtraOutputFields": {},
              "Min": null,
              "Max": null,
              "Applied": false,
              "Count": 3,
              "Statement": null,
              "DisplayCoachMarks": false
            },
            {
              "Name": "So Delicious",
              "Term": "So Delicious",
              "ExtraOutputFields": {},
              "Min": null,
              "Max": null,
              "Applied": false,
              "Count": 7,
              "Statement": null,
              "DisplayCoachMarks": false
            },
            {
              "Name": "Somerdale",
              "Term": "Somerdale",
              "ExtraOutputFields": {},
              "Min": null,
              "Max": null,
              "Applied": false,
              "Count": 1,
              "Statement": null,
              "DisplayCoachMarks": false
            },
            {
              "Name": "South Cape",
              "Term": "South Cape",
              "ExtraOutputFields": {},
              "Min": null,
              "Max": null,
              "Applied": false,
              "Count": 27,
              "Statement": null,
              "DisplayCoachMarks": false
            },
            {
              "Name": "SSS Foods",
              "Term": "SSS Foods",
              "ExtraOutputFields": {},
              "Min": null,
              "Max": null,
              "Applied": false,
              "Count": 2,
              "Statement": null,
              "DisplayCoachMarks": false
            },
            {
              "Name": "Steggles",
              "Term": "Steggles",
              "ExtraOutputFields": {},
              "Min": null,
              "Max": null,
              "Applied": false,
              "Count": 1,
              "Statement": null,
              "DisplayCoachMarks": false
            },
            {
              "Name": "Strength Meals Co",
              "Term": "Strength Meals Co",
              "ExtraOutputFields": {},
              "Min": null,
              "Max": null,
              "Applied": false,
              "Count": 5,
              "Statement": null,
              "DisplayCoachMarks": false
            },
            {
              "Name": "Sugo Tu",
              "Term": "Sugo Tu",
              "ExtraOutputFields": {},
              "Min": null,
              "Max": null,
              "Applied": false,
              "Count": 2,
              "Statement": null,
              "DisplayCoachMarks": false
            },
            {
              "Name": "Sunny Queen",
              "Term": "Sunny Queen",
              "ExtraOutputFields": {},
              "Min": null,
              "Max": null,
              "Applied": false,
              "Count": 3,
              "Statement": null,
              "DisplayCoachMarks": false
            },
            {
              "Name": "Suntory",
              "Term": "Suntory",
              "ExtraOutputFields": {},
              "Min": null,
              "Max": null,
              "Applied": false,
              "Count": 3,
              "Statement": null,
              "DisplayCoachMarks": false
            },
            {
              "Name": "Supafry",
              "Term": "Supafry",
              "ExtraOutputFields": {},
              "Min": null,
              "Max": null,
              "Applied": false,
              "Count": 1,
              "Statement": null,
              "DisplayCoachMarks": false
            },
            {
              "Name": "Supreme Foods",
              "Term": "Supreme Foods",
              "ExtraOutputFields": {},
              "Min": null,
              "Max": null,
              "Applied": false,
              "Count": 1,
              "Statement": null,
              "DisplayCoachMarks": false
            },
            {
              "Name": "Swiss",
              "Term": "Swiss",
              "ExtraOutputFields": {},
              "Min": null,
              "Max": null,
              "Applied": false,
              "Count": 1,
              "Statement": null,
              "DisplayCoachMarks": false
            },
            {
              "Name": "Syndian",
              "Term": "Syndian",
              "ExtraOutputFields": {},
              "Min": null,
              "Max": null,
              "Applied": false,
              "Count": 2,
              "Statement": null,
              "DisplayCoachMarks": false
            }
          ]
        },
        {
          "Alphabet": "T",
          "Filters": [
            {
              "Name": "Tablelands",
              "Term": "Tablelands",
              "ExtraOutputFields": {},
              "Min": null,
              "Max": null,
              "Applied": false,
              "Count": 3,
              "Statement": null,
              "DisplayCoachMarks": false
            },
            {
              "Name": "Tamar Valley",
              "Term": "Tamar Valley",
              "ExtraOutputFields": {},
              "Min": null,
              "Max": null,
              "Applied": false,
              "Count": 11,
              "Statement": null,
              "DisplayCoachMarks": false
            },
            {
              "Name": "Tasmanian Heritage",
              "Term": "Tasmanian Heritage",
              "ExtraOutputFields": {},
              "Min": null,
              "Max": null,
              "Applied": false,
              "Count": 10,
              "Statement": null,
              "DisplayCoachMarks": false
            },
            {
              "Name": "Tasmanian Pate",
              "Term": "Tasmanian Pate",
              "ExtraOutputFields": {},
              "Min": null,
              "Max": null,
              "Applied": false,
              "Count": 1,
              "Statement": null,
              "DisplayCoachMarks": false
            },
            {
              "Name": "Tempo",
              "Term": "Tempo",
              "ExtraOutputFields": {},
              "Min": null,
              "Max": null,
              "Applied": false,
              "Count": 7,
              "Statement": null,
              "DisplayCoachMarks": false
            },
            {
              "Name": "The Coach House Dairy",
              "Term": "The Coach House Dairy",
              "ExtraOutputFields": {},
              "Min": null,
              "Max": null,
              "Applied": false,
              "Count": 2,
              "Statement": null,
              "DisplayCoachMarks": false
            },
            {
              "Name": "The Collective",
              "Term": "The Collective",
              "ExtraOutputFields": {},
              "Min": null,
              "Max": null,
              "Applied": false,
              "Count": 14,
              "Statement": null,
              "DisplayCoachMarks": false
            },
            {
              "Name": "The Complete Dairy",
              "Term": "The Complete Dairy",
              "ExtraOutputFields": {},
              "Min": null,
              "Max": null,
              "Applied": false,
              "Count": 2,
              "Statement": null,
              "DisplayCoachMarks": false
            },
            {
              "Name": "The Culture Co.",
              "Term": "The Culture Co.",
              "ExtraOutputFields": {},
              "Min": null,
              "Max": null,
              "Applied": false,
              "Count": 6,
              "Statement": null,
              "DisplayCoachMarks": false
            },
            {
              "Name": "The Goods",
              "Term": "The Goods",
              "ExtraOutputFields": {},
              "Min": null,
              "Max": null,
              "Applied": false,
              "Count": 4,
              "Statement": null,
              "DisplayCoachMarks": false
            },
            {
              "Name": "The Salad Servers",
              "Term": "The Salad Servers",
              "ExtraOutputFields": {},
              "Min": null,
              "Max": null,
              "Applied": false,
              "Count": 7,
              "Statement": null,
              "DisplayCoachMarks": false
            },
            {
              "Name": "The Smokeman Brothers",
              "Term": "The Smokeman Brothers",
              "ExtraOutputFields": {},
              "Min": null,
              "Max": null,
              "Applied": false,
              "Count": 4,
              "Statement": null,
              "DisplayCoachMarks": false
            },
            {
              "Name": "The Vegan Factor",
              "Term": "The Vegan Factor",
              "ExtraOutputFields": {},
              "Min": null,
              "Max": null,
              "Applied": false,
              "Count": 4,
              "Statement": null,
              "DisplayCoachMarks": false
            },
            {
              "Name": "Thomas Dux",
              "Term": "Thomas Dux",
              "ExtraOutputFields": {},
              "Min": null,
              "Max": null,
              "Applied": false,
              "Count": 14,
              "Statement": null,
              "DisplayCoachMarks": false
            },
            {
              "Name": "Tofurky",
              "Term": "Tofurky",
              "ExtraOutputFields": {},
              "Min": null,
              "Max": null,
              "Applied": false,
              "Count": 3,
              "Statement": null,
              "DisplayCoachMarks": false
            },
            {
              "Name": "Tru Blu",
              "Term": "Tru Blu",
              "ExtraOutputFields": {},
              "Min": null,
              "Max": null,
              "Applied": false,
              "Count": 1,
              "Statement": null,
              "DisplayCoachMarks": false
            },
            {
              "Name": "Two Good",
              "Term": "Two Good",
              "ExtraOutputFields": {},
              "Min": null,
              "Max": null,
              "Applied": false,
              "Count": 4,
              "Statement": null,
              "DisplayCoachMarks": false
            },
            {
              "Name": "Two Spoons",
              "Term": "Two Spoons",
              "ExtraOutputFields": {},
              "Min": null,
              "Max": null,
              "Applied": false,
              "Count": 1,
              "Statement": null,
              "DisplayCoachMarks": false
            }
          ]
        },
        {
          "Alphabet": "U",
          "Filters": [
            {
              "Name": "Udder Delights",
              "Term": "Udder Delights",
              "ExtraOutputFields": {},
              "Min": null,
              "Max": null,
              "Applied": false,
              "Count": 1,
              "Statement": null,
              "DisplayCoachMarks": false
            },
            {
              "Name": "Uncle Tobys",
              "Term": "Uncle Tobys",
              "ExtraOutputFields": {},
              "Min": null,
              "Max": null,
              "Applied": false,
              "Count": 5,
              "Statement": null,
              "DisplayCoachMarks": false
            },
            {
              "Name": "Unicorn",
              "Term": "Unicorn",
              "ExtraOutputFields": {},
              "Min": null,
              "Max": null,
              "Applied": false,
              "Count": 8,
              "Statement": null,
              "DisplayCoachMarks": false
            },
            {
              "Name": "Unreal Co.",
              "Term": "Unreal Co.",
              "ExtraOutputFields": {},
              "Min": null,
              "Max": null,
              "Applied": false,
              "Count": 3,
              "Statement": null,
              "DisplayCoachMarks": false
            },
            {
              "Name": "Uptons Naturals",
              "Term": "Uptons Naturals",
              "ExtraOutputFields": {},
              "Min": null,
              "Max": null,
              "Applied": false,
              "Count": 1,
              "Statement": null,
              "DisplayCoachMarks": false
            }
          ]
        },
        {
          "Alphabet": "V",
          "Filters": [
            {
              "Name": "V2",
              "Term": "V2",
              "ExtraOutputFields": {},
              "Min": null,
              "Max": null,
              "Applied": false,
              "Count": 2,
              "Statement": null,
              "DisplayCoachMarks": false
            },
            {
              "Name": "Vaalia",
              "Term": "Vaalia",
              "ExtraOutputFields": {},
              "Min": null,
              "Max": null,
              "Applied": false,
              "Count": 20,
              "Statement": null,
              "DisplayCoachMarks": false
            },
            {
              "Name": "Vega",
              "Term": "Vega",
              "ExtraOutputFields": {},
              "Min": null,
              "Max": null,
              "Applied": false,
              "Count": 1,
              "Statement": null,
              "DisplayCoachMarks": false
            },
            {
              "Name": "Vegie Delights",
              "Term": "Vegie Delights",
              "ExtraOutputFields": {},
              "Min": null,
              "Max": null,
              "Applied": false,
              "Count": 3,
              "Statement": null,
              "DisplayCoachMarks": false
            },
            {
              "Name": "Vitasoy",
              "Term": "Vitasoy",
              "ExtraOutputFields": {},
              "Min": null,
              "Max": null,
              "Applied": false,
              "Count": 19,
              "Statement": null,
              "DisplayCoachMarks": false
            }
          ]
        },
        {
          "Alphabet": "W",
          "Filters": [
            {
              "Name": "Weight Watchers",
              "Term": "Weight Watchers",
              "ExtraOutputFields": {},
              "Min": null,
              "Max": null,
              "Applied": false,
              "Count": 4,
              "Statement": null,
              "DisplayCoachMarks": false
            },
            {
              "Name": "Western Star",
              "Term": "Western Star",
              "ExtraOutputFields": {},
              "Min": null,
              "Max": null,
              "Applied": false,
              "Count": 9,
              "Statement": null,
              "DisplayCoachMarks": false
            },
            {
              "Name": "Westgold",
              "Term": "Westgold",
              "ExtraOutputFields": {},
              "Min": null,
              "Max": null,
              "Applied": false,
              "Count": 4,
              "Statement": null,
              "DisplayCoachMarks": false
            },
            {
              "Name": "Wicked Sister",
              "Term": "Wicked Sister",
              "ExtraOutputFields": {},
              "Min": null,
              "Max": null,
              "Applied": false,
              "Count": 6,
              "Statement": null,
              "DisplayCoachMarks": false
            },
            {
              "Name": "Wildly Good",
              "Term": "Wildly Good",
              "ExtraOutputFields": {},
              "Min": null,
              "Max": null,
              "Applied": false,
              "Count": 4,
              "Statement": null,
              "DisplayCoachMarks": false
            },
            {
              "Name": "Willow Farm",
              "Term": "Willow Farm",
              "ExtraOutputFields": {},
              "Min": null,
              "Max": null,
              "Applied": false,
              "Count": 3,
              "Statement": null,
              "DisplayCoachMarks": false
            },
            {
              "Name": "Wise Bunny",
              "Term": "Wise Bunny",
              "ExtraOutputFields": {},
              "Min": null,
              "Max": null,
              "Applied": false,
              "Count": 2,
              "Statement": null,
              "DisplayCoachMarks": false
            },
            {
              "Name": "Woolworths",
              "Term": "Woolworths",
              "ExtraOutputFields": {},
              "Min": null,
              "Max": null,
              "Applied": false,
              "Count": 272,
              "Statement": null,
              "DisplayCoachMarks": false
            }
          ]
        },
        {
          "Alphabet": "X",
          "Filters": []
        },
        {
          "Alphabet": "Y",
          "Filters": [
            {
              "Name": "Yakult",
              "Term": "Yakult",
              "ExtraOutputFields": {},
              "Min": null,
              "Max": null,
              "Applied": false,
              "Count": 3,
              "Statement": null,
              "DisplayCoachMarks": false
            },
            {
              "Name": "Yarra Valley",
              "Term": "Yarra Valley",
              "ExtraOutputFields": {},
              "Min": null,
              "Max": null,
              "Applied": false,
              "Count": 3,
              "Statement": null,
              "DisplayCoachMarks": false
            },
            {
              "Name": "Yogo",
              "Term": "Yogo",
              "ExtraOutputFields": {},
              "Min": null,
              "Max": null,
              "Applied": false,
              "Count": 4,
              "Statement": null,
              "DisplayCoachMarks": false
            },
            {
              "Name": "Yoplait",
              "Term": "Yoplait",
              "ExtraOutputFields": {},
              "Min": null,
              "Max": null,
              "Applied": false,
              "Count": 24,
              "Statement": null,
              "DisplayCoachMarks": false
            },
            {
              "Name": "York Foods",
              "Term": "York Foods",
              "ExtraOutputFields": {},
              "Min": null,
              "Max": null,
              "Applied": false,
              "Count": 1,
              "Statement": null,
              "DisplayCoachMarks": false
            },
            {
              "Name": "Yorkshire",
              "Term": "Yorkshire",
              "ExtraOutputFields": {},
              "Min": null,
              "Max": null,
              "Applied": false,
              "Count": 1,
              "Statement": null,
              "DisplayCoachMarks": false
            },
            {
              "Name": "Yumi's",
              "Term": "Yumi's",
              "ExtraOutputFields": {},
              "Min": null,
              "Max": null,
              "Applied": false,
              "Count": 41,
              "Statement": null,
              "DisplayCoachMarks": false
            }
          ]
        },
        {
          "Alphabet": "Z",
          "Filters": [
            {
              "Name": "Zanetti",
              "Term": "Zanetti",
              "ExtraOutputFields": {},
              "Min": null,
              "Max": null,
              "Applied": false,
              "Count": 5,
              "Statement": null,
              "DisplayCoachMarks": false
            }
          ]
        }
      ],
      "State": "Closed",
      "Rank": 1,
      "AdditionalResults": false,
      "DesignType": "Default",
      "ShowFilter": true,
      "Statement": null,
      "DisplayCoachMarks": false
    },
    {
      "Name": "Allergens",
      "DisplayName": "Allergens",
      "Type": "Multi",
      "FilterType": "Term",
      "FilterDataType": "String",
      "Results": null,
      "ResultsGrouped": [
        {
          "Alphabet": "0-9",
          "Filters": []
        },
        {
          "Alphabet": "A",
          "Filters": []
        },
        {
          "Alphabet": "B",
          "Filters": []
        },
        {
          "Alphabet": "C",
          "Filters": [
            {
              "Name": "Crustacea Free",
              "Term": "Crustacea Free",
              "ExtraOutputFields": {},
              "Min": null,
              "Max": null,
              "Applied": false,
              "Count": 1,
              "Statement": null,
              "DisplayCoachMarks": false
            }
          ]
        },
        {
          "Alphabet": "D",
          "Filters": [
            {
              "Name": "Dairy Free",
              "Term": "Dairy Free",
              "ExtraOutputFields": {},
              "Min": null,
              "Max": null,
              "Applied": false,
              "Count": 296,
              "Statement": null,
              "DisplayCoachMarks": false
            }
          ]
        },
        {
          "Alphabet": "E",
          "Filters": [
            {
              "Name": "Egg Free",
              "Term": "Egg Free",
              "ExtraOutputFields": {},
              "Min": null,
              "Max": null,
              "Applied": false,
              "Count": 1199,
              "Statement": null,
              "DisplayCoachMarks": false
            }
          ]
        },
        {
          "Alphabet": "F",
          "Filters": [
            {
              "Name": "Fish Free",
              "Term": "Fish Free",
              "ExtraOutputFields": {},
              "Min": null,
              "Max": null,
              "Applied": false,
              "Count": 1352,
              "Statement": null,
              "DisplayCoachMarks": false
            }
          ]
        },
        {
          "Alphabet": "G",
          "Filters": [
            {
              "Name": "Gluten Free",
              "Term": "Gluten Free",
              "ExtraOutputFields": {},
              "Min": null,
              "Max": null,
              "Applied": false,
              "Count": 1155,
              "Statement": null,
              "DisplayCoachMarks": false
            }
          ]
        },
        {
          "Alphabet": "H",
          "Filters": []
        },
        {
          "Alphabet": "I",
          "Filters": []
        },
        {
          "Alphabet": "J",
          "Filters": []
        },
        {
          "Alphabet": "K",
          "Filters": []
        },
        {
          "Alphabet": "L",
          "Filters": [
            {
              "Name": "Lactose Free",
              "Term": "Lactose Free",
              "ExtraOutputFields": {},
              "Min": null,
              "Max": null,
              "Applied": false,
              "Count": 332,
              "Statement": null,
              "DisplayCoachMarks": false
            },
            {
              "Name": "Lupin Free",
              "Term": "Lupin Free",
              "ExtraOutputFields": {},
              "Min": null,
              "Max": null,
              "Applied": false,
              "Count": 1460,
              "Statement": null,
              "DisplayCoachMarks": false
            }
          ]
        },
        {
          "Alphabet": "M",
          "Filters": []
        },
        {
          "Alphabet": "N",
          "Filters": [
            {
              "Name": "No Artificial Colours & Flavours",
              "Term": "No Artificial Colours & Flavours",
              "ExtraOutputFields": {},
              "Min": null,
              "Max": null,
              "Applied": false,
              "Count": 1,
              "Statement": null,
              "DisplayCoachMarks": false
            },
            {
              "Name": "No Artificial Colours or Flavours",
              "Term": "No Artificial Colours or Flavours",
              "ExtraOutputFields": {},
              "Min": null,
              "Max": null,
              "Applied": false,
              "Count": 701,
              "Statement": null,
              "DisplayCoachMarks": false
            },
            {
              "Name": "No Artificial Preservatives",
              "Term": "No Artificial Preservatives",
              "ExtraOutputFields": {},
              "Min": null,
              "Max": null,
              "Applied": false,
              "Count": 531,
              "Statement": null,
              "DisplayCoachMarks": false
            },
            {
              "Name": "No Peanuts",
              "Term": "No Peanuts",
              "ExtraOutputFields": {},
              "Min": null,
              "Max": null,
              "Applied": false,
              "Count": 8,
              "Statement": null,
              "DisplayCoachMarks": false
            },
            {
              "Name": "No Tree Nuts",
              "Term": "No Tree Nuts",
              "ExtraOutputFields": {},
              "Min": null,
              "Max": null,
              "Applied": false,
              "Count": 6,
              "Statement": null,
              "DisplayCoachMarks": false
            }
          ]
        },
        {
          "Alphabet": "O",
          "Filters": []
        },
        {
          "Alphabet": "P",
          "Filters": []
        },
        {
          "Alphabet": "Q",
          "Filters": []
        },
        {
          "Alphabet": "R",
          "Filters": []
        },
        {
          "Alphabet": "S",
          "Filters": [
            {
              "Name": "Sesame Free",
              "Term": "Sesame Free",
              "ExtraOutputFields": {},
              "Min": null,
              "Max": null,
              "Applied": false,
              "Count": 1,
              "Statement": null,
              "DisplayCoachMarks": false
            },
            {
              "Name": "Soy Free",
              "Term": "Soy Free",
              "ExtraOutputFields": {},
              "Min": null,
              "Max": null,
              "Applied": false,
              "Count": 1112,
              "Statement": null,
              "DisplayCoachMarks": false
            },
            {
              "Name": "Sulphite Free",
              "Term": "Sulphite Free",
              "ExtraOutputFields": {},
              "Min": null,
              "Max": null,
              "Applied": false,
              "Count": 1,
              "Statement": null,
              "DisplayCoachMarks": false
            }
          ]
        },
        {
          "Alphabet": "T",
          "Filters": []
        },
        {
          "Alphabet": "U",
          "Filters": []
        },
        {
          "Alphabet": "V",
          "Filters": []
        },
        {
          "Alphabet": "W",
          "Filters": [
            {
              "Name": "Wheat Free",
              "Term": "Wheat Free",
              "ExtraOutputFields": {},
              "Min": null,
              "Max": null,
              "Applied": false,
              "Count": 1242,
              "Statement": null,
              "DisplayCoachMarks": false
            }
          ]
        },
        {
          "Alphabet": "X",
          "Filters": []
        },
        {
          "Alphabet": "Y",
          "Filters": []
        },
        {
          "Alphabet": "Z",
          "Filters": []
        }
      ],
      "State": "Closed",
      "Rank": 1,
      "AdditionalResults": false,
      "DesignType": "Default",
      "ShowFilter": true,
      "Statement": "Please always check the product label or enquire with the manufacturer before consuming. In Partnership with Spoon Guru. <a href=\" https://www.woolworths.com.au/shop/discover/healthy-eating/allergies-and-intolerances/filters\" target=\"_blank\">Find out more about our filters </a></span>",
      "DisplayCoachMarks": false
    },
    {
      "Name": "Lifestyle",
      "DisplayName": "Dietary and Lifestyle",
      "Type": "Multi",
      "FilterType": "Term",
      "FilterDataType": "String",
      "Results": null,
      "ResultsGrouped": [
        {
          "Alphabet": "0-9",
          "Filters": []
        },
        {
          "Alphabet": "A",
          "Filters": []
        },
        {
          "Alphabet": "B",
          "Filters": []
        },
        {
          "Alphabet": "C",
          "Filters": []
        },
        {
          "Alphabet": "D",
          "Filters": []
        },
        {
          "Alphabet": "E",
          "Filters": []
        },
        {
          "Alphabet": "F",
          "Filters": [
            {
              "Name": "Free Range",
              "Term": "Free Range",
              "ExtraOutputFields": {},
              "Min": null,
              "Max": null,
              "Applied": false,
              "Count": 11,
              "Statement": null,
              "DisplayCoachMarks": false
            }
          ]
        },
        {
          "Alphabet": "G",
          "Filters": [
            {
              "Name": "Gluten Free",
              "Term": "Gluten Free",
              "ExtraOutputFields": {},
              "Min": null,
              "Max": null,
              "Applied": false,
              "Count": 1155,
              "Statement": null,
              "DisplayCoachMarks": false
            }
          ]
        },
        {
          "Alphabet": "H",
          "Filters": [
            {
              "Name": "Halal",
              "Term": "Halal",
              "ExtraOutputFields": {},
              "Min": null,
              "Max": null,
              "Applied": false,
              "Count": 131,
              "Statement": null,
              "DisplayCoachMarks": false
            },
            {
              "Name": "High Fibre",
              "Term": "High Fibre",
              "ExtraOutputFields": {},
              "Min": null,
              "Max": null,
              "Applied": false,
              "Count": 136,
              "Statement": null,
              "DisplayCoachMarks": false
            },
            {
              "Name": "High Protein",
              "Term": "High Protein",
              "ExtraOutputFields": {},
              "Min": null,
              "Max": null,
              "Applied": false,
              "Count": 347,
              "Statement": null,
              "DisplayCoachMarks": false
            }
          ]
        },
        {
          "Alphabet": "I",
          "Filters": []
        },
        {
          "Alphabet": "J",
          "Filters": []
        },
        {
          "Alphabet": "K",
          "Filters": [
            {
              "Name": "Kosher",
              "Term": "Kosher",
              "ExtraOutputFields": {},
              "Min": null,
              "Max": null,
              "Applied": false,
              "Count": 99,
              "Statement": null,
              "DisplayCoachMarks": false
            }
          ]
        },
        {
          "Alphabet": "L",
          "Filters": [
            {
              "Name": "Low Fat",
              "Term": "Low Fat",
              "ExtraOutputFields": {},
              "Min": null,
              "Max": null,
              "Applied": false,
              "Count": 316,
              "Statement": null,
              "DisplayCoachMarks": false
            },
            {
              "Name": "Low Salt",
              "Term": "Low Salt",
              "ExtraOutputFields": {},
              "Min": null,
              "Max": null,
              "Applied": false,
              "Count": 585,
              "Statement": null,
              "DisplayCoachMarks": false
            },
            {
              "Name": "Low Saturated Fat",
              "Term": "Low Saturated Fat",
              "ExtraOutputFields": {},
              "Min": null,
              "Max": null,
              "Applied": false,
              "Count": 192,
              "Statement": null,
              "DisplayCoachMarks": false
            },
            {
              "Name": "Low Sugar",
              "Term": "Low Sugar",
              "ExtraOutputFields": {},
              "Min": null,
              "Max": null,
              "Applied": false,
              "Count": 978,
              "Statement": null,
              "DisplayCoachMarks": false
            }
          ]
        },
        {
          "Alphabet": "M",
          "Filters": []
        },
        {
          "Alphabet": "N",
          "Filters": []
        },
        {
          "Alphabet": "O",
          "Filters": [
            {
              "Name": "Organic",
              "Term": "Organic",
              "ExtraOutputFields": {},
              "Min": null,
              "Max": null,
              "Applied": false,
              "Count": 53,
              "Statement": null,
              "DisplayCoachMarks": false
            }
          ]
        },
        {
          "Alphabet": "P",
          "Filters": []
        },
        {
          "Alphabet": "Q",
          "Filters": []
        },
        {
          "Alphabet": "R",
          "Filters": []
        },
        {
          "Alphabet": "S",
          "Filters": [
            {
              "Name": "Source of Calcium",
              "Term": "Source of Calcium",
              "ExtraOutputFields": {},
              "Min": null,
              "Max": null,
              "Applied": false,
              "Count": 731,
              "Statement": null,
              "DisplayCoachMarks": false
            },
            {
              "Name": "Source of Fibre",
              "Term": "Source of Fibre",
              "ExtraOutputFields": {},
              "Min": null,
              "Max": null,
              "Applied": false,
              "Count": 261,
              "Statement": null,
              "DisplayCoachMarks": false
            },
            {
              "Name": "Source of Iron",
              "Term": "Source of Iron",
              "ExtraOutputFields": {},
              "Min": null,
              "Max": null,
              "Applied": false,
              "Count": 78,
              "Statement": null,
              "DisplayCoachMarks": false
            },
            {
              "Name": "Source of Protein",
              "Term": "Source of Protein",
              "ExtraOutputFields": {},
              "Min": null,
              "Max": null,
              "Applied": false,
              "Count": 826,
              "Statement": null,
              "DisplayCoachMarks": false
            },
            {
              "Name": "Sustainably Sourced",
              "Term": "Sustainably Sourced",
              "ExtraOutputFields": {},
              "Min": null,
              "Max": null,
              "Applied": false,
              "Count": 5,
              "Statement": null,
              "DisplayCoachMarks": false
            }
          ]
        },
        {
          "Alphabet": "T",
          "Filters": []
        },
        {
          "Alphabet": "U",
          "Filters": []
        },
        {
          "Alphabet": "V",
          "Filters": [
            {
              "Name": "Vegan",
              "Term": "Vegan",
              "ExtraOutputFields": {},
              "Min": null,
              "Max": null,
              "Applied": false,
              "Count": 245,
              "Statement": null,
              "DisplayCoachMarks": false
            },
            {
              "Name": "Vegetarian",
              "Term": "Vegetarian",
              "ExtraOutputFields": {},
              "Min": null,
              "Max": null,
              "Applied": false,
              "Count": 946,
              "Statement": null,
              "DisplayCoachMarks": false
            }
          ]
        },
        {
          "Alphabet": "W",
          "Filters": [
            {
              "Name": "Wholegrain",
              "Term": "Wholegrain",
              "ExtraOutputFields": {},
              "Min": null,
              "Max": null,
              "Applied": false,
              "Count": 1,
              "Statement": null,
              "DisplayCoachMarks": false
            }
          ]
        },
        {
          "Alphabet": "X",
          "Filters": []
        },
        {
          "Alphabet": "Y",
          "Filters": []
        },
        {
          "Alphabet": "Z",
          "Filters": []
        }
      ],
      "State": "Closed",
      "Rank": 1,
      "AdditionalResults": false,
      "DesignType": "Default",
      "ShowFilter": true,
      "Statement": "Please always check the product label or enquire with the manufacturer before consuming. In Partnership with Spoon Guru. <a href=\" https://www.woolworths.com.au/shop/discover/healthy-eating/allergies-and-intolerances/filters\" target=\"_blank\">Find out more about our filters </a></span>",
      "DisplayCoachMarks": false
    },
    {
      "Name": "Healthstar",
      "DisplayName": "Health Star Rating",
      "Type": "Multi",
      "FilterType": "Term",
      "FilterDataType": "String",
      "Results": null,
      "ResultsGrouped": [
        {
          "Alphabet": "0-9",
          "Filters": [
            {
              "Name": "1-star",
              "Term": "1-star",
              "ExtraOutputFields": {},
              "Min": null,
              "Max": null,
              "Applied": false,
              "Count": 35,
              "Statement": null,
              "DisplayCoachMarks": false
            },
            {
              "Name": "2-star",
              "Term": "2-star",
              "ExtraOutputFields": {},
              "Min": null,
              "Max": null,
              "Applied": false,
              "Count": 44,
              "Statement": null,
              "DisplayCoachMarks": false
            },
            {
              "Name": "3-star",
              "Term": "3-star",
              "ExtraOutputFields": {},
              "Min": null,
              "Max": null,
              "Applied": false,
              "Count": 153,
              "Statement": null,
              "DisplayCoachMarks": false
            },
            {
              "Name": "4-star",
              "Term": "4-star",
              "ExtraOutputFields": {},
              "Min": null,
              "Max": null,
              "Applied": false,
              "Count": 153,
              "Statement": null,
              "DisplayCoachMarks": false
            },
            {
              "Name": "5-star",
              "Term": "5-star",
              "ExtraOutputFields": {},
              "Min": null,
              "Max": null,
              "Applied": false,
              "Count": 57,
              "Statement": null,
              "DisplayCoachMarks": false
            }
          ]
        },
        {
          "Alphabet": "A",
          "Filters": []
        },
        {
          "Alphabet": "B",
          "Filters": []
        },
        {
          "Alphabet": "C",
          "Filters": []
        },
        {
          "Alphabet": "D",
          "Filters": []
        },
        {
          "Alphabet": "E",
          "Filters": []
        },
        {
          "Alphabet": "F",
          "Filters": []
        },
        {
          "Alphabet": "G",
          "Filters": []
        },
        {
          "Alphabet": "H",
          "Filters": []
        },
        {
          "Alphabet": "I",
          "Filters": []
        },
        {
          "Alphabet": "J",
          "Filters": []
        },
        {
          "Alphabet": "K",
          "Filters": []
        },
        {
          "Alphabet": "L",
          "Filters": []
        },
        {
          "Alphabet": "M",
          "Filters": []
        },
        {
          "Alphabet": "N",
          "Filters": []
        },
        {
          "Alphabet": "O",
          "Filters": []
        },
        {
          "Alphabet": "P",
          "Filters": []
        },
        {
          "Alphabet": "Q",
          "Filters": []
        },
        {
          "Alphabet": "R",
          "Filters": []
        },
        {
          "Alphabet": "S",
          "Filters": []
        },
        {
          "Alphabet": "T",
          "Filters": []
        },
        {
          "Alphabet": "U",
          "Filters": []
        },
        {
          "Alphabet": "V",
          "Filters": []
        },
        {
          "Alphabet": "W",
          "Filters": []
        },
        {
          "Alphabet": "X",
          "Filters": []
        },
        {
          "Alphabet": "Y",
          "Filters": []
        },
        {
          "Alphabet": "Z",
          "Filters": []
        }
      ],
      "State": "Closed",
      "Rank": 1,
      "AdditionalResults": false,
      "DesignType": "Default",
      "ShowFilter": true,
      "Statement": null,
      "DisplayCoachMarks": false
    },
    {
      "Name": "Category",
      "DisplayName": "Categories",
      "Type": "Multi",
      "FilterType": "Term",
      "FilterDataType": "String",
      "Results": [
        {
          "Name": "1_6E4F4E4",
          "Term": "1_6E4F4E4",
          "ExtraOutputFields": {
            "description": "Dairy, Eggs & Fridge",
            "nodelevel": 1,
            "displayorder": 4,
            "parentnodeid": null
          },
          "Min": null,
          "Max": null,
          "Applied": false,
          "Count": 1862,
          "Statement": null,
          "DisplayCoachMarks": false
        },
        {
          "Name": "1_B7EF010",
          "Term": "1_B7EF010",
          "ExtraOutputFields": {
            "description": "Cheese",
            "nodelevel": 2,
            "displayorder": 59,
            "parentnodeid": "1_6E4F4E4"
          },
          "Min": null,
          "Max": null,
          "Applied": false,
          "Count": 471,
          "Statement": null,
          "DisplayCoachMarks": false
        },
        {
          "Name": "1_AC76873",
          "Term": "1_AC76873",
          "ExtraOutputFields": {
            "description": "Yoghurt",
            "nodelevel": 2,
            "displayorder": 61,
            "parentnodeid": "1_6E4F4E4"
          },
          "Min": null,
          "Max": null,
          "Applied": false,
          "Count": 339,
          "Statement": null,
          "DisplayCoachMarks": false
        },
        {
          "Name": "1_2FBF4AF",
          "Term": "1_2FBF4AF",
          "ExtraOutputFields": {
            "description": "Entertaining Cheese",
            "nodelevel": 3,
            "displayorder": 605,
            "parentnodeid": "1_B7EF010"
          },
          "Min": null,
          "Max": null,
          "Applied": false,
          "Count": 330,
          "Statement": null,
          "DisplayCoachMarks": false
        },
        {
          "Name": "1_D5A2236",
          "Term": "1_D5A2236",
          "ExtraOutputFields": {
            "description": "Meat, Seafood & Deli",
            "nodelevel": 1,
            "displayorder": 2,
            "parentnodeid": null
          },
          "Min": null,
          "Max": null,
          "Applied": false,
          "Count": 302,
          "Statement": null,
          "DisplayCoachMarks": false
        },
        {
          "Name": "1_0349B31",
          "Term": "1_0349B31",
          "ExtraOutputFields": {
            "description": "Deli Specialities",
            "nodelevel": 2,
            "displayorder": 125,
            "parentnodeid": "1_D5A2236"
          },
          "Min": null,
          "Max": null,
          "Applied": false,
          "Count": 300,
          "Statement": null,
          "DisplayCoachMarks": false
        },
        {
          "Name": "1_626AB17",
          "Term": "1_626AB17",
          "ExtraOutputFields": {
            "description": "Ready to Eat Meals",
            "nodelevel": 2,
            "displayorder": 66,
            "parentnodeid": "1_6E4F4E4"
          },
          "Min": null,
          "Max": null,
          "Applied": false,
          "Count": 294,
          "Statement": null,
          "DisplayCoachMarks": false
        },
        {
          "Name": "1_985493C",
          "Term": "1_985493C",
          "ExtraOutputFields": {
            "description": "Gourmet Cheese",
            "nodelevel": 3,
            "displayorder": 155,
            "parentnodeid": "1_0349B31"
          },
          "Min": null,
          "Max": null,
          "Applied": false,
          "Count": 250,
          "Statement": null,
          "DisplayCoachMarks": false
        },
        {
          "Name": "1_223D9D6",
          "Term": "1_223D9D6",
          "ExtraOutputFields": {
            "description": "Milk",
            "nodelevel": 2,
            "displayorder": 60,
            "parentnodeid": "1_6E4F4E4"
          },
          "Min": null,
          "Max": null,
          "Applied": false,
          "Count": 247,
          "Statement": null,
          "DisplayCoachMarks": false
        },
        {
          "Name": "1_552B26B",
          "Term": "1_552B26B",
          "ExtraOutputFields": {
            "description": "Flavoured Yoghurt",
            "nodelevel": 3,
            "displayorder": 575,
            "parentnodeid": "1_AC76873"
          },
          "Min": null,
          "Max": null,
          "Applied": false,
          "Count": 214,
          "Statement": null,
          "DisplayCoachMarks": false
        },
        {
          "Name": "1_C4BB750",
          "Term": "1_C4BB750",
          "ExtraOutputFields": {
            "description": "Easter",
            "nodelevel": 1,
            "displayorder": 14,
            "parentnodeid": null
          },
          "Min": null,
          "Max": null,
          "Applied": false,
          "Count": 210,
          "Statement": null,
          "DisplayCoachMarks": false
        },
        {
          "Name": "1_A4E3313",
          "Term": "1_A4E3313",
          "ExtraOutputFields": {
            "description": "Chilled Ready Meals",
            "nodelevel": 3,
            "displayorder": 367,
            "parentnodeid": "1_626AB17"
          },
          "Min": null,
          "Max": null,
          "Applied": false,
          "Count": 138,
          "Statement": null,
          "DisplayCoachMarks": false
        },
        {
          "Name": "1_DCDA127",
          "Term": "1_DCDA127",
          "ExtraOutputFields": {
            "description": "Entertaining",
            "nodelevel": 2,
            "displayorder": 115,
            "parentnodeid": "1_C4BB750"
          },
          "Min": null,
          "Max": null,
          "Applied": false,
          "Count": 136,
          "Statement": null,
          "DisplayCoachMarks": false
        },
        {
          "Name": "1_D2B0685",
          "Term": "1_D2B0685",
          "ExtraOutputFields": {
            "description": "Dips & Pate",
            "nodelevel": 2,
            "displayorder": 64,
            "parentnodeid": "1_6E4F4E4"
          },
          "Min": null,
          "Max": null,
          "Applied": false,
          "Count": 135,
          "Statement": null,
          "DisplayCoachMarks": false
        },
        {
          "Name": "1_78FBFC0",
          "Term": "1_78FBFC0",
          "ExtraOutputFields": {
            "description": "Dips",
            "nodelevel": 3,
            "displayorder": 711,
            "parentnodeid": "1_D2B0685"
          },
          "Min": null,
          "Max": null,
          "Applied": false,
          "Count": 131,
          "Statement": null,
          "DisplayCoachMarks": false
        },
        {
          "Name": "1_85274A0",
          "Term": "1_85274A0",
          "ExtraOutputFields": {
            "description": "Eggs, Butter & Margarine",
            "nodelevel": 2,
            "displayorder": 63,
            "parentnodeid": "1_6E4F4E4"
          },
          "Min": null,
          "Max": null,
          "Applied": false,
          "Count": 112,
          "Statement": null,
          "DisplayCoachMarks": false
        },
        {
          "Name": "1_75F8665",
          "Term": "1_75F8665",
          "ExtraOutputFields": {
            "description": "Butter & Margarine",
            "nodelevel": 3,
            "displayorder": 464,
            "parentnodeid": "1_85274A0"
          },
          "Min": null,
          "Max": null,
          "Applied": false,
          "Count": 103,
          "Statement": null,
          "DisplayCoachMarks": false
        },
        {
          "Name": "1_C11A711",
          "Term": "1_C11A711",
          "ExtraOutputFields": {
            "description": "Low & No Fat Yoghurt",
            "nodelevel": 3,
            "displayorder": 576,
            "parentnodeid": "1_AC76873"
          },
          "Min": null,
          "Max": null,
          "Applied": false,
          "Count": 101,
          "Statement": null,
          "DisplayCoachMarks": false
        },
        {
          "Name": "1_13B343A",
          "Term": "1_13B343A",
          "ExtraOutputFields": {
            "description": "Lunch Box",
            "nodelevel": 2,
            "displayorder": 70,
            "parentnodeid": "1_6E4F4E4"
          },
          "Min": null,
          "Max": null,
          "Applied": false,
          "Count": 97,
          "Statement": null,
          "DisplayCoachMarks": false
        },
        {
          "Name": "1_825BAF8",
          "Term": "1_825BAF8",
          "ExtraOutputFields": {
            "description": "Cooking Cheese",
            "nodelevel": 3,
            "displayorder": 608,
            "parentnodeid": "1_B7EF010"
          },
          "Min": null,
          "Max": null,
          "Applied": false,
          "Count": 96,
          "Statement": null,
          "DisplayCoachMarks": false
        },
        {
          "Name": "1_00ED79B",
          "Term": "1_00ED79B",
          "ExtraOutputFields": {
            "description": "Vegetarian & Vegan",
            "nodelevel": 2,
            "displayorder": 68,
            "parentnodeid": "1_6E4F4E4"
          },
          "Min": null,
          "Max": null,
          "Applied": false,
          "Count": 93,
          "Statement": null,
          "DisplayCoachMarks": false
        },
        {
          "Name": "1_763A0AC",
          "Term": "1_763A0AC",
          "ExtraOutputFields": {
            "description": "Snacking Cheese",
            "nodelevel": 3,
            "displayorder": 607,
            "parentnodeid": "1_B7EF010"
          },
          "Min": null,
          "Max": null,
          "Applied": false,
          "Count": 93,
          "Statement": null,
          "DisplayCoachMarks": false
        },
        {
          "Name": "1_27854C9",
          "Term": "1_27854C9",
          "ExtraOutputFields": {
            "description": "Soy & Speciality Milk",
            "nodelevel": 3,
            "displayorder": 236,
            "parentnodeid": "1_223D9D6"
          },
          "Min": null,
          "Max": null,
          "Applied": false,
          "Count": 91,
          "Statement": null,
          "DisplayCoachMarks": false
        },
        {
          "Name": "1_5AF3A0A",
          "Term": "1_5AF3A0A",
          "ExtraOutputFields": {
            "description": "Drinks",
            "nodelevel": 1,
            "displayorder": 7,
            "parentnodeid": null
          },
          "Min": null,
          "Max": null,
          "Applied": false,
          "Count": 91,
          "Statement": null,
          "DisplayCoachMarks": false
        },
        {
          "Name": "1_787944C",
          "Term": "1_787944C",
          "ExtraOutputFields": {
            "description": "Packaged Salads & Sides",
            "nodelevel": 3,
            "displayorder": 369,
            "parentnodeid": "1_626AB17"
          },
          "Min": null,
          "Max": null,
          "Applied": false,
          "Count": 90,
          "Statement": null,
          "DisplayCoachMarks": false
        },
        {
          "Name": "1_2DDBF53",
          "Term": "1_2DDBF53",
          "ExtraOutputFields": {
            "description": "Vegetarian & Meat Free",
            "nodelevel": 3,
            "displayorder": 152,
            "parentnodeid": "1_00ED79B"
          },
          "Min": null,
          "Max": null,
          "Applied": false,
          "Count": 88,
          "Statement": null,
          "DisplayCoachMarks": false
        },
        {
          "Name": "1_5B3E600",
          "Term": "1_5B3E600",
          "ExtraOutputFields": {
            "description": "Flavoured Milk",
            "nodelevel": 3,
            "displayorder": 237,
            "parentnodeid": "1_223D9D6"
          },
          "Min": null,
          "Max": null,
          "Applied": false,
          "Count": 87,
          "Statement": null,
          "DisplayCoachMarks": false
        },
        {
          "Name": "1_E872E7C",
          "Term": "1_E872E7C",
          "ExtraOutputFields": {
            "description": "Long Life Milk",
            "nodelevel": 3,
            "displayorder": 238,
            "parentnodeid": "1_223D9D6"
          },
          "Min": null,
          "Max": null,
          "Applied": false,
          "Count": 87,
          "Statement": null,
          "DisplayCoachMarks": false
        },
        {
          "Name": "1_91794DD",
          "Term": "1_91794DD",
          "ExtraOutputFields": {
            "description": "Cream, Custard & Desserts",
            "nodelevel": 2,
            "displayorder": 62,
            "parentnodeid": "1_6E4F4E4"
          },
          "Min": null,
          "Max": null,
          "Applied": false,
          "Count": 85,
          "Statement": null,
          "DisplayCoachMarks": false
        },
        {
          "Name": "1_159A4FB",
          "Term": "1_159A4FB",
          "ExtraOutputFields": {
            "description": "Long Life Milk",
            "nodelevel": 2,
            "displayorder": 54,
            "parentnodeid": "1_5AF3A0A"
          },
          "Min": null,
          "Max": null,
          "Applied": false,
          "Count": 84,
          "Statement": null,
          "DisplayCoachMarks": false
        },
        {
          "Name": "1_D3D428B",
          "Term": "1_D3D428B",
          "ExtraOutputFields": {
            "description": "Fresh Pasta & Sauces",
            "nodelevel": 2,
            "displayorder": 67,
            "parentnodeid": "1_6E4F4E4"
          },
          "Min": null,
          "Max": null,
          "Applied": false,
          "Count": 80,
          "Statement": null,
          "DisplayCoachMarks": false
        },
        {
          "Name": "1_C9FB16E",
          "Term": "1_C9FB16E",
          "ExtraOutputFields": {
            "description": "Plant-based Alternatives",
            "nodelevel": 3,
            "displayorder": 664,
            "parentnodeid": "1_CBB2A83"
          },
          "Min": null,
          "Max": null,
          "Applied": false,
          "Count": 74,
          "Statement": null,
          "DisplayCoachMarks": false
        },
        {
          "Name": "1_CBB2A83",
          "Term": "1_CBB2A83",
          "ExtraOutputFields": {
            "description": "Vegetarian & Vegan",
            "nodelevel": 2,
            "displayorder": 119,
            "parentnodeid": "1_C4BB750"
          },
          "Min": null,
          "Max": null,
          "Applied": false,
          "Count": 74,
          "Statement": null,
          "DisplayCoachMarks": false
        },
        {
          "Name": "1_3AE8E17",
          "Term": "1_3AE8E17",
          "ExtraOutputFields": {
            "description": "Cheese & Crackers",
            "nodelevel": 3,
            "displayorder": 734,
            "parentnodeid": "1_DCDA127"
          },
          "Min": null,
          "Max": null,
          "Applied": false,
          "Count": 70,
          "Statement": null,
          "DisplayCoachMarks": false
        },
        {
          "Name": "1_33811EB",
          "Term": "1_33811EB",
          "ExtraOutputFields": {
            "description": "Fresh Pasta & Noodles",
            "nodelevel": 3,
            "displayorder": 713,
            "parentnodeid": "1_D3D428B"
          },
          "Min": null,
          "Max": null,
          "Applied": false,
          "Count": 66,
          "Statement": null,
          "DisplayCoachMarks": false
        },
        {
          "Name": "1_7039540",
          "Term": "1_7039540",
          "ExtraOutputFields": {
            "description": "Soft Cheese",
            "nodelevel": 3,
            "displayorder": 606,
            "parentnodeid": "1_B7EF010"
          },
          "Min": null,
          "Max": null,
          "Applied": false,
          "Count": 63,
          "Statement": null,
          "DisplayCoachMarks": false
        },
        {
          "Name": "1_E94D884",
          "Term": "1_E94D884",
          "ExtraOutputFields": {
            "description": "Greek & Natural Yoghurt",
            "nodelevel": 3,
            "displayorder": 574,
            "parentnodeid": "1_AC76873"
          },
          "Min": null,
          "Max": null,
          "Applied": false,
          "Count": 60,
          "Statement": null,
          "DisplayCoachMarks": false
        },
        {
          "Name": "1-E5BEE36E",
          "Term": "1-E5BEE36E",
          "ExtraOutputFields": {
            "description": "Fruit & Veg",
            "nodelevel": 1,
            "displayorder": 1,
            "parentnodeid": null
          },
          "Min": null,
          "Max": null,
          "Applied": false,
          "Count": 58,
          "Statement": null,
          "DisplayCoachMarks": false
        },
        {
          "Name": "1_2684504",
          "Term": "1_2684504",
          "ExtraOutputFields": {
            "description": "Salad",
            "nodelevel": 2,
            "displayorder": 17,
            "parentnodeid": "1-E5BEE36E"
          },
          "Min": null,
          "Max": null,
          "Applied": false,
          "Count": 56,
          "Statement": null,
          "DisplayCoachMarks": false
        },
        {
          "Name": "1_B810788",
          "Term": "1_B810788",
          "ExtraOutputFields": {
            "description": "Baby & Kids Yoghurt",
            "nodelevel": 3,
            "displayorder": 577,
            "parentnodeid": "1_AC76873"
          },
          "Min": null,
          "Max": null,
          "Applied": false,
          "Count": 54,
          "Statement": null,
          "DisplayCoachMarks": false
        },
        {
          "Name": "1_39FD49C",
          "Term": "1_39FD49C",
          "ExtraOutputFields": {
            "description": "Pantry",
            "nodelevel": 1,
            "displayorder": 5,
            "parentnodeid": null
          },
          "Min": null,
          "Max": null,
          "Applied": false,
          "Count": 49,
          "Statement": null,
          "DisplayCoachMarks": false
        },
        {
          "Name": "1_914C9DE",
          "Term": "1_914C9DE",
          "ExtraOutputFields": {
            "description": "International Foods",
            "nodelevel": 2,
            "displayorder": 69,
            "parentnodeid": "1_6E4F4E4"
          },
          "Min": null,
          "Max": null,
          "Applied": false,
          "Count": 49,
          "Statement": null,
          "DisplayCoachMarks": false
        },
        {
          "Name": "1_51B71E6",
          "Term": "1_51B71E6",
          "ExtraOutputFields": {
            "description": "Dips & Pate",
            "nodelevel": 3,
            "displayorder": 741,
            "parentnodeid": "1_DCDA127"
          },
          "Min": null,
          "Max": null,
          "Applied": false,
          "Count": 47,
          "Statement": null,
          "DisplayCoachMarks": false
        },
        {
          "Name": "1_4003688",
          "Term": "1_4003688",
          "ExtraOutputFields": {
            "description": "Parmesan & Italian Cheese",
            "nodelevel": 3,
            "displayorder": 610,
            "parentnodeid": "1_B7EF010"
          },
          "Min": null,
          "Max": null,
          "Applied": false,
          "Count": 43,
          "Statement": null,
          "DisplayCoachMarks": false
        },
        {
          "Name": "1_29F8BC3",
          "Term": "1_29F8BC3",
          "ExtraOutputFields": {
            "description": "Chilled Pizza & Bread",
            "nodelevel": 3,
            "displayorder": 368,
            "parentnodeid": "1_626AB17"
          },
          "Min": null,
          "Max": null,
          "Applied": false,
          "Count": 40,
          "Statement": null,
          "DisplayCoachMarks": false
        },
        {
          "Name": "1_A37320F",
          "Term": "1_A37320F",
          "ExtraOutputFields": {
            "description": "Prepared Salads",
            "nodelevel": 3,
            "displayorder": 271,
            "parentnodeid": "1_2684504"
          },
          "Min": null,
          "Max": null,
          "Applied": false,
          "Count": 40,
          "Statement": null,
          "DisplayCoachMarks": false
        },
        {
          "Name": "1_F0612E0",
          "Term": "1_F0612E0",
          "ExtraOutputFields": {
            "description": "Dairy Snacks",
            "nodelevel": 3,
            "displayorder": 196,
            "parentnodeid": "1_13B343A"
          },
          "Min": null,
          "Max": null,
          "Applied": false,
          "Count": 39,
          "Statement": null,
          "DisplayCoachMarks": false
        },
        {
          "Name": "1_0234274",
          "Term": "1_0234274",
          "ExtraOutputFields": {
            "description": "Block Cheese",
            "nodelevel": 3,
            "displayorder": 602,
            "parentnodeid": "1_B7EF010"
          },
          "Min": null,
          "Max": null,
          "Applied": false,
          "Count": 37,
          "Statement": null,
          "DisplayCoachMarks": false
        },
        {
          "Name": "1_68976E6",
          "Term": "1_68976E6",
          "ExtraOutputFields": {
            "description": "Vegan",
            "nodelevel": 3,
            "displayorder": 153,
            "parentnodeid": "1_00ED79B"
          },
          "Min": null,
          "Max": null,
          "Applied": false,
          "Count": 32,
          "Statement": null,
          "DisplayCoachMarks": false
        },
        {
          "Name": "1_0DAD080",
          "Term": "1_0DAD080",
          "ExtraOutputFields": {
            "description": "Fetta & Goat's Cheese",
            "nodelevel": 3,
            "displayorder": 609,
            "parentnodeid": "1_B7EF010"
          },
          "Min": null,
          "Max": null,
          "Applied": false,
          "Count": 31,
          "Statement": null,
          "DisplayCoachMarks": false
        },
        {
          "Name": "1_6830C7C",
          "Term": "1_6830C7C",
          "ExtraOutputFields": {
            "description": "Cream",
            "nodelevel": 3,
            "displayorder": 507,
            "parentnodeid": "1_91794DD"
          },
          "Min": null,
          "Max": null,
          "Applied": false,
          "Count": 31,
          "Statement": null,
          "DisplayCoachMarks": false
        },
        {
          "Name": "1_4410EBD",
          "Term": "1_4410EBD",
          "ExtraOutputFields": {
            "description": "Healthier Dairy Snacks",
            "nodelevel": 3,
            "displayorder": 198,
            "parentnodeid": "1_13B343A"
          },
          "Min": null,
          "Max": null,
          "Applied": false,
          "Count": 29,
          "Statement": null,
          "DisplayCoachMarks": false
        },
        {
          "Name": "1_F67406E",
          "Term": "1_F67406E",
          "ExtraOutputFields": {
            "description": "Desserts",
            "nodelevel": 3,
            "displayorder": 509,
            "parentnodeid": "1_91794DD"
          },
          "Min": null,
          "Max": null,
          "Applied": false,
          "Count": 29,
          "Statement": null,
          "DisplayCoachMarks": false
        },
        {
          "Name": "1_9ADF8CF",
          "Term": "1_9ADF8CF",
          "ExtraOutputFields": {
            "description": "Custard",
            "nodelevel": 3,
            "displayorder": 508,
            "parentnodeid": "1_91794DD"
          },
          "Min": null,
          "Max": null,
          "Applied": false,
          "Count": 28,
          "Statement": null,
          "DisplayCoachMarks": false
        },
        {
          "Name": "1_CB9BC74",
          "Term": "1_CB9BC74",
          "ExtraOutputFields": {
            "description": "Chilled Asian",
            "nodelevel": 3,
            "displayorder": 503,
            "parentnodeid": "1_914C9DE"
          },
          "Min": null,
          "Max": null,
          "Applied": false,
          "Count": 28,
          "Statement": null,
          "DisplayCoachMarks": false
        },
        {
          "Name": "1_584FA04",
          "Term": "1_584FA04",
          "ExtraOutputFields": {
            "description": "Skim & Reduced Fat Milk",
            "nodelevel": 3,
            "displayorder": 235,
            "parentnodeid": "1_223D9D6"
          },
          "Min": null,
          "Max": null,
          "Applied": false,
          "Count": 27,
          "Statement": null,
          "DisplayCoachMarks": false
        },
        {
          "Name": "1_8635DF0",
          "Term": "1_8635DF0",
          "ExtraOutputFields": {
            "description": "Almond Milk",
            "nodelevel": 3,
            "displayorder": 200,
            "parentnodeid": "1_159A4FB"
          },
          "Min": null,
          "Max": null,
          "Applied": false,
          "Count": 27,
          "Statement": null,
          "DisplayCoachMarks": false
        },
        {
          "Name": "1_A8A8E7C",
          "Term": "1_A8A8E7C",
          "ExtraOutputFields": {
            "description": "Full Cream Milk",
            "nodelevel": 3,
            "displayorder": 234,
            "parentnodeid": "1_223D9D6"
          },
          "Min": null,
          "Max": null,
          "Applied": false,
          "Count": 27,
          "Statement": null,
          "DisplayCoachMarks": false
        },
        {
          "Name": "1_35E3CFE",
          "Term": "1_35E3CFE",
          "ExtraOutputFields": {
            "description": "Ricotta, Cottage & Cream Cheese",
            "nodelevel": 3,
            "displayorder": 611,
            "parentnodeid": "1_B7EF010"
          },
          "Min": null,
          "Max": null,
          "Applied": false,
          "Count": 26,
          "Statement": null,
          "DisplayCoachMarks": false
        },
        {
          "Name": "1_3E8B110",
          "Term": "1_3E8B110",
          "ExtraOutputFields": {
            "description": "Chilled Soup",
            "nodelevel": 3,
            "displayorder": 366,
            "parentnodeid": "1_626AB17"
          },
          "Min": null,
          "Max": null,
          "Applied": false,
          "Count": 25,
          "Statement": null,
          "DisplayCoachMarks": false
        },
        {
          "Name": "1_0842985",
          "Term": "1_0842985",
          "ExtraOutputFields": {
            "description": "Salads",
            "nodelevel": 3,
            "displayorder": 158,
            "parentnodeid": "1_0349B31"
          },
          "Min": null,
          "Max": null,
          "Applied": false,
          "Count": 24,
          "Statement": null,
          "DisplayCoachMarks": false
        },
        {
          "Name": "1_EA99491",
          "Term": "1_EA99491",
          "ExtraOutputFields": {
            "description": "Prepared Foods",
            "nodelevel": 3,
            "displayorder": 159,
            "parentnodeid": "1_0349B31"
          },
          "Min": null,
          "Max": null,
          "Applied": false,
          "Count": 23,
          "Statement": null,
          "DisplayCoachMarks": false
        },
        {
          "Name": "1_F94866A",
          "Term": "1_F94866A",
          "ExtraOutputFields": {
            "description": "Dairy Cheese",
            "nodelevel": 3,
            "displayorder": 197,
            "parentnodeid": "1_13B343A"
          },
          "Min": null,
          "Max": null,
          "Applied": false,
          "Count": 23,
          "Statement": null,
          "DisplayCoachMarks": false
        },
        {
          "Name": "1_96C6180",
          "Term": "1_96C6180",
          "ExtraOutputFields": {
            "description": "Grated Cheese",
            "nodelevel": 3,
            "displayorder": 604,
            "parentnodeid": "1_B7EF010"
          },
          "Min": null,
          "Max": null,
          "Applied": false,
          "Count": 22,
          "Statement": null,
          "DisplayCoachMarks": false
        },
        {
          "Name": "1_099FB37",
          "Term": "1_099FB37",
          "ExtraOutputFields": {
            "description": "Snacks & Confectionery",
            "nodelevel": 2,
            "displayorder": 34,
            "parentnodeid": "1_39FD49C"
          },
          "Min": null,
          "Max": null,
          "Applied": false,
          "Count": 20,
          "Statement": null,
          "DisplayCoachMarks": false
        },
        {
          "Name": "1_89BB9C0",
          "Term": "1_89BB9C0",
          "ExtraOutputFields": {
            "description": "Sliced Cheese",
            "nodelevel": 3,
            "displayorder": 603,
            "parentnodeid": "1_B7EF010"
          },
          "Min": null,
          "Max": null,
          "Applied": false,
          "Count": 20,
          "Statement": null,
          "DisplayCoachMarks": false
        },
        {
          "Name": "1_A454321",
          "Term": "1_A454321",
          "ExtraOutputFields": {
            "description": "Salads",
            "nodelevel": 3,
            "displayorder": 735,
            "parentnodeid": "1_DCDA127"
          },
          "Min": null,
          "Max": null,
          "Applied": false,
          "Count": 19,
          "Statement": null,
          "DisplayCoachMarks": false
        },
        {
          "Name": "1_D3FC80F",
          "Term": "1_D3FC80F",
          "ExtraOutputFields": {
            "description": "Chilled Kosher",
            "nodelevel": 3,
            "displayorder": 505,
            "parentnodeid": "1_914C9DE"
          },
          "Min": null,
          "Max": null,
          "Applied": false,
          "Count": 19,
          "Statement": null,
          "DisplayCoachMarks": false
        },
        {
          "Name": "1_96A982C",
          "Term": "1_96A982C",
          "ExtraOutputFields": {
            "description": "Soy Milk",
            "nodelevel": 3,
            "displayorder": 201,
            "parentnodeid": "1_159A4FB"
          },
          "Min": null,
          "Max": null,
          "Applied": false,
          "Count": 17,
          "Statement": null,
          "DisplayCoachMarks": false
        },
        {
          "Name": "1_9B30ADD",
          "Term": "1_9B30ADD",
          "ExtraOutputFields": {
            "description": "Lunch Box Snacks",
            "nodelevel": 3,
            "displayorder": 170,
            "parentnodeid": "1_099FB37"
          },
          "Min": null,
          "Max": null,
          "Applied": false,
          "Count": 17,
          "Statement": null,
          "DisplayCoachMarks": false
        },
        {
          "Name": "1_A28BC2C",
          "Term": "1_A28BC2C",
          "ExtraOutputFields": {
            "description": "Dips & Pâté",
            "nodelevel": 3,
            "displayorder": 154,
            "parentnodeid": "1_0349B31"
          },
          "Min": null,
          "Max": null,
          "Applied": false,
          "Count": 17,
          "Statement": null,
          "DisplayCoachMarks": false
        },
        {
          "Name": "1_175C55B",
          "Term": "1_175C55B",
          "ExtraOutputFields": {
            "description": "Salad Bags",
            "nodelevel": 3,
            "displayorder": 270,
            "parentnodeid": "1_2684504"
          },
          "Min": null,
          "Max": null,
          "Applied": false,
          "Count": 16,
          "Statement": null,
          "DisplayCoachMarks": false
        },
        {
          "Name": "1_7BA8B3A",
          "Term": "1_7BA8B3A",
          "ExtraOutputFields": {
            "description": "Dairy & Lactose Free Cheese",
            "nodelevel": 3,
            "displayorder": 612,
            "parentnodeid": "1_B7EF010"
          },
          "Min": null,
          "Max": null,
          "Applied": false,
          "Count": 16,
          "Statement": null,
          "DisplayCoachMarks": false
        },
        {
          "Name": "1_B016594",
          "Term": "1_B016594",
          "ExtraOutputFields": {
            "description": "Pasta Sauces",
            "nodelevel": 3,
            "displayorder": 714,
            "parentnodeid": "1_D3D428B"
          },
          "Min": null,
          "Max": null,
          "Applied": false,
          "Count": 14,
          "Statement": null,
          "DisplayCoachMarks": false
        },
        {
          "Name": "1_157EAE2",
          "Term": "1_157EAE2",
          "ExtraOutputFields": {
            "description": "Long Life Milk",
            "nodelevel": 3,
            "displayorder": 205,
            "parentnodeid": "1_159A4FB"
          },
          "Min": null,
          "Max": null,
          "Applied": false,
          "Count": 13,
          "Statement": null,
          "DisplayCoachMarks": false
        },
        {
          "Name": "1_6102D14",
          "Term": "1_6102D14",
          "ExtraOutputFields": {
            "description": "Lunch Box",
            "nodelevel": 2,
            "displayorder": 46,
            "parentnodeid": "1_39FD49C"
          },
          "Min": null,
          "Max": null,
          "Applied": false,
          "Count": 13,
          "Statement": null,
          "DisplayCoachMarks": false
        },
        {
          "Name": "1_6CCFC9C",
          "Term": "1_6CCFC9C",
          "ExtraOutputFields": {
            "description": "Spreads & Condiments",
            "nodelevel": 3,
            "displayorder": 348,
            "parentnodeid": "1_6102D14"
          },
          "Min": null,
          "Max": null,
          "Applied": false,
          "Count": 12,
          "Statement": null,
          "DisplayCoachMarks": false
        },
        {
          "Name": "1_6265F90",
          "Term": "1_6265F90",
          "ExtraOutputFields": {
            "description": "Salad & Veg",
            "nodelevel": 3,
            "displayorder": 590,
            "parentnodeid": "1_B435CE8"
          },
          "Min": null,
          "Max": null,
          "Applied": false,
          "Count": 10,
          "Statement": null,
          "DisplayCoachMarks": false
        },
        {
          "Name": "1_8BF8706",
          "Term": "1_8BF8706",
          "ExtraOutputFields": {
            "description": "Pate, Paste &  Caviar",
            "nodelevel": 3,
            "displayorder": 712,
            "parentnodeid": "1_D2B0685"
          },
          "Min": null,
          "Max": null,
          "Applied": false,
          "Count": 10,
          "Statement": null,
          "DisplayCoachMarks": false
        },
        {
          "Name": "1_B435CE8",
          "Term": "1_B435CE8",
          "ExtraOutputFields": {
            "description": "Lunch Box",
            "nodelevel": 2,
            "displayorder": 19,
            "parentnodeid": "1-E5BEE36E"
          },
          "Min": null,
          "Max": null,
          "Applied": false,
          "Count": 10,
          "Statement": null,
          "DisplayCoachMarks": false
        },
        {
          "Name": "1_1B0ADAF",
          "Term": "1_1B0ADAF",
          "ExtraOutputFields": {
            "description": "Oat & Rice Milk",
            "nodelevel": 3,
            "displayorder": 203,
            "parentnodeid": "1_159A4FB"
          },
          "Min": null,
          "Max": null,
          "Applied": false,
          "Count": 9,
          "Statement": null,
          "DisplayCoachMarks": false
        },
        {
          "Name": "1_7C17211",
          "Term": "1_7C17211",
          "ExtraOutputFields": {
            "description": "Eggs",
            "nodelevel": 3,
            "displayorder": 463,
            "parentnodeid": "1_85274A0"
          },
          "Min": null,
          "Max": null,
          "Applied": false,
          "Count": 9,
          "Statement": null,
          "DisplayCoachMarks": false
        },
        {
          "Name": "1_B7999C4",
          "Term": "1_B7999C4",
          "ExtraOutputFields": {
            "description": "Lactose Free",
            "nodelevel": 3,
            "displayorder": 199,
            "parentnodeid": "1_13B343A"
          },
          "Min": null,
          "Max": null,
          "Applied": false,
          "Count": 8,
          "Statement": null,
          "DisplayCoachMarks": false
        },
        {
          "Name": "1_23C59D3",
          "Term": "1_23C59D3",
          "ExtraOutputFields": {
            "description": "Canned Food & Instant Meals",
            "nodelevel": 2,
            "displayorder": 41,
            "parentnodeid": "1_39FD49C"
          },
          "Min": null,
          "Max": null,
          "Applied": false,
          "Count": 7,
          "Statement": null,
          "DisplayCoachMarks": false
        },
        {
          "Name": "1_4A12C8D",
          "Term": "1_4A12C8D",
          "ExtraOutputFields": {
            "description": "Powdered Milk",
            "nodelevel": 3,
            "displayorder": 202,
            "parentnodeid": "1_159A4FB"
          },
          "Min": null,
          "Max": null,
          "Applied": false,
          "Count": 7,
          "Statement": null,
          "DisplayCoachMarks": false
        },
        {
          "Name": "1_9C3BC60",
          "Term": "1_9C3BC60",
          "ExtraOutputFields": {
            "description": "Lactose Free Milk",
            "nodelevel": 3,
            "displayorder": 239,
            "parentnodeid": "1_223D9D6"
          },
          "Min": null,
          "Max": null,
          "Applied": false,
          "Count": 7,
          "Statement": null,
          "DisplayCoachMarks": false
        },
        {
          "Name": "1_DB1AE2F",
          "Term": "1_DB1AE2F",
          "ExtraOutputFields": {
            "description": "Muesli Bars & Snack Bars",
            "nodelevel": 3,
            "displayorder": 171,
            "parentnodeid": "1_099FB37"
          },
          "Min": null,
          "Max": null,
          "Applied": false,
          "Count": 7,
          "Statement": null,
          "DisplayCoachMarks": false
        },
        {
          "Name": "1_F4FDD26",
          "Term": "1_F4FDD26",
          "ExtraOutputFields": {
            "description": "Flavoured Milk",
            "nodelevel": 2,
            "displayorder": 53,
            "parentnodeid": "1_5AF3A0A"
          },
          "Min": null,
          "Max": null,
          "Applied": false,
          "Count": 7,
          "Statement": null,
          "DisplayCoachMarks": false
        },
        {
          "Name": "1_4FD30CF",
          "Term": "1_4FD30CF",
          "ExtraOutputFields": {
            "description": "Condensed & Evaporated Milk",
            "nodelevel": 3,
            "displayorder": 206,
            "parentnodeid": "1_159A4FB"
          },
          "Min": null,
          "Max": null,
          "Applied": false,
          "Count": 6,
          "Statement": null,
          "DisplayCoachMarks": false
        },
        {
          "Name": "1_62B7AA0",
          "Term": "1_62B7AA0",
          "ExtraOutputFields": {
            "description": "Packaged Bread & Bakery",
            "nodelevel": 2,
            "displayorder": 130,
            "parentnodeid": "1_DEB537E"
          },
          "Min": null,
          "Max": null,
          "Applied": false,
          "Count": 6,
          "Statement": null,
          "DisplayCoachMarks": false
        },
        {
          "Name": "1_7C1B44C",
          "Term": "1_7C1B44C",
          "ExtraOutputFields": {
            "description": "Pies & Quiches",
            "nodelevel": 3,
            "displayorder": 383,
            "parentnodeid": "1_62B7AA0"
          },
          "Min": null,
          "Max": null,
          "Applied": false,
          "Count": 6,
          "Statement": null,
          "DisplayCoachMarks": false
        },
        {
          "Name": "1_AD6D76A",
          "Term": "1_AD6D76A",
          "ExtraOutputFields": {
            "description": "Lactose Free Milk",
            "nodelevel": 3,
            "displayorder": 204,
            "parentnodeid": "1_159A4FB"
          },
          "Min": null,
          "Max": null,
          "Applied": false,
          "Count": 6,
          "Statement": null,
          "DisplayCoachMarks": false
        },
        {
          "Name": "1_DEB537E",
          "Term": "1_DEB537E",
          "ExtraOutputFields": {
            "description": "Bakery",
            "nodelevel": 1,
            "displayorder": 3,
            "parentnodeid": null
          },
          "Min": null,
          "Max": null,
          "Applied": false,
          "Count": 6,
          "Statement": null,
          "DisplayCoachMarks": false
        },
        {
          "Name": "1_F8EABB4",
          "Term": "1_F8EABB4",
          "ExtraOutputFields": {
            "description": "Condensed, Evaporated & Coconut Milk",
            "nodelevel": 3,
            "displayorder": 254,
            "parentnodeid": "1_23C59D3"
          },
          "Min": null,
          "Max": null,
          "Applied": false,
          "Count": 6,
          "Statement": null,
          "DisplayCoachMarks": false
        },
        {
          "Name": "1_0BEEEDF",
          "Term": "1_0BEEEDF",
          "ExtraOutputFields": {
            "description": "Kids Milk",
            "nodelevel": 3,
            "displayorder": 808,
            "parentnodeid": "1_F4FDD26"
          },
          "Min": null,
          "Max": null,
          "Applied": false,
          "Count": 5,
          "Statement": null,
          "DisplayCoachMarks": false
        },
        {
          "Name": "1_0663044",
          "Term": "1_0663044",
          "ExtraOutputFields": {
            "description": "Prepacked Vegetables",
            "nodelevel": 3,
            "displayorder": 561,
            "parentnodeid": "1_AC17EDD"
          },
          "Min": null,
          "Max": null,
          "Applied": false,
          "Count": 4,
          "Statement": null,
          "DisplayCoachMarks": false
        },
        {
          "Name": "1_AC17EDD",
          "Term": "1_AC17EDD",
          "ExtraOutputFields": {
            "description": "Vegetables",
            "nodelevel": 2,
            "displayorder": 16,
            "parentnodeid": "1-E5BEE36E"
          },
          "Min": null,
          "Max": null,
          "Applied": false,
          "Count": 4,
          "Statement": null,
          "DisplayCoachMarks": false
        },
        {
          "Name": "1_AF5E3AC",
          "Term": "1_AF5E3AC",
          "ExtraOutputFields": {
            "description": "Savoury Spread",
            "nodelevel": 3,
            "displayorder": 645,
            "parentnodeid": "1_C7A623D"
          },
          "Min": null,
          "Max": null,
          "Applied": false,
          "Count": 4,
          "Statement": null,
          "DisplayCoachMarks": false
        },
        {
          "Name": "1_C2E7913",
          "Term": "1_C2E7913",
          "ExtraOutputFields": {
            "description": "Specialty Dairy",
            "nodelevel": 2,
            "displayorder": 65,
            "parentnodeid": "1_6E4F4E4"
          },
          "Min": null,
          "Max": null,
          "Applied": false,
          "Count": 4,
          "Statement": null,
          "DisplayCoachMarks": false
        },
        {
          "Name": "1_C7A623D",
          "Term": "1_C7A623D",
          "ExtraOutputFields": {
            "description": "Breakfast & Spreads",
            "nodelevel": 2,
            "displayorder": 35,
            "parentnodeid": "1_39FD49C"
          },
          "Min": null,
          "Max": null,
          "Applied": false,
          "Count": 4,
          "Statement": null,
          "DisplayCoachMarks": false
        },
        {
          "Name": "1_83608CE",
          "Term": "1_83608CE",
          "ExtraOutputFields": {
            "description": "Sauce, Oil & Vinegar",
            "nodelevel": 2,
            "displayorder": 43,
            "parentnodeid": "1_39FD49C"
          },
          "Min": null,
          "Max": null,
          "Applied": false,
          "Count": 3,
          "Statement": null,
          "DisplayCoachMarks": false
        },
        {
          "Name": "1_D148483",
          "Term": "1_D148483",
          "ExtraOutputFields": {
            "description": "Gluten Free Dairy",
            "nodelevel": 3,
            "displayorder": 620,
            "parentnodeid": "1_C2E7913"
          },
          "Min": null,
          "Max": null,
          "Applied": false,
          "Count": 3,
          "Statement": null,
          "DisplayCoachMarks": false
        },
        {
          "Name": "1_E8136E3",
          "Term": "1_E8136E3",
          "ExtraOutputFields": {
            "description": "Pizza & Pasta Sauce",
            "nodelevel": 3,
            "displayorder": 442,
            "parentnodeid": "1_83608CE"
          },
          "Min": null,
          "Max": null,
          "Applied": false,
          "Count": 3,
          "Statement": null,
          "DisplayCoachMarks": false
        },
        {
          "Name": "1_130E433",
          "Term": "1_130E433",
          "ExtraOutputFields": {
            "description": "Gluten Free",
            "nodelevel": 3,
            "displayorder": 288,
            "parentnodeid": "1_3382FC2"
          },
          "Min": null,
          "Max": null,
          "Applied": false,
          "Count": 2,
          "Statement": null,
          "DisplayCoachMarks": false
        },
        {
          "Name": "1_3382FC2",
          "Term": "1_3382FC2",
          "ExtraOutputFields": {
            "description": "Frozen Gluten Free",
            "nodelevel": 2,
            "displayorder": 100,
            "parentnodeid": "1_ACA2FC2"
          },
          "Min": null,
          "Max": null,
          "Applied": false,
          "Count": 2,
          "Statement": null,
          "DisplayCoachMarks": false
        },
        {
          "Name": "1_51795E8",
          "Term": "1_51795E8",
          "ExtraOutputFields": {
            "description": "Drinks & Powders",
            "nodelevel": 3,
            "displayorder": 806,
            "parentnodeid": "1_F4FDD26"
          },
          "Min": null,
          "Max": null,
          "Applied": false,
          "Count": 2,
          "Statement": null,
          "DisplayCoachMarks": false
        },
        {
          "Name": "1_A50A55F",
          "Term": "1_A50A55F",
          "ExtraOutputFields": {
            "description": "Spaghetti",
            "nodelevel": 3,
            "displayorder": 593,
            "parentnodeid": "1_B5F8608"
          },
          "Min": null,
          "Max": null,
          "Applied": false,
          "Count": 2,
          "Statement": null,
          "DisplayCoachMarks": false
        },
        {
          "Name": "1_ACA2FC2",
          "Term": "1_ACA2FC2",
          "ExtraOutputFields": {
            "description": "Freezer",
            "nodelevel": 1,
            "displayorder": 6,
            "parentnodeid": null
          },
          "Min": null,
          "Max": null,
          "Applied": false,
          "Count": 2,
          "Statement": null,
          "DisplayCoachMarks": false
        },
        {
          "Name": "1_B5F8608",
          "Term": "1_B5F8608",
          "ExtraOutputFields": {
            "description": "Pasta, Rice & Grains",
            "nodelevel": 2,
            "displayorder": 42,
            "parentnodeid": "1_39FD49C"
          },
          "Min": null,
          "Max": null,
          "Applied": false,
          "Count": 2,
          "Statement": null,
          "DisplayCoachMarks": false
        },
        {
          "Name": "1_B680E29",
          "Term": "1_B680E29",
          "ExtraOutputFields": {
            "description": "Vegetarian & Meat Free",
            "nodelevel": 3,
            "displayorder": 371,
            "parentnodeid": "1_626AB17"
          },
          "Min": null,
          "Max": null,
          "Applied": false,
          "Count": 2,
          "Statement": null,
          "DisplayCoachMarks": false
        },
        {
          "Name": "1_C9C304A",
          "Term": "1_C9C304A",
          "ExtraOutputFields": {
            "description": "Carrots & Root Vegetables",
            "nodelevel": 3,
            "displayorder": 563,
            "parentnodeid": "1_AC17EDD"
          },
          "Min": null,
          "Max": null,
          "Applied": false,
          "Count": 2,
          "Statement": null,
          "DisplayCoachMarks": false
        },
        {
          "Name": "1_E2D285C",
          "Term": "1_E2D285C",
          "ExtraOutputFields": {
            "description": "Chilled Middle Eastern",
            "nodelevel": 3,
            "displayorder": 506,
            "parentnodeid": "1_914C9DE"
          },
          "Min": null,
          "Max": null,
          "Applied": false,
          "Count": 2,
          "Statement": null,
          "DisplayCoachMarks": false
        },
        {
          "Name": "1_03F7B3C",
          "Term": "1_03F7B3C",
          "ExtraOutputFields": {
            "description": "Potatoes & Pumpkins",
            "nodelevel": 3,
            "displayorder": 562,
            "parentnodeid": "1_AC17EDD"
          },
          "Min": null,
          "Max": null,
          "Applied": false,
          "Count": 1,
          "Statement": null,
          "DisplayCoachMarks": false
        },
        {
          "Name": "1_1A0F35E",
          "Term": "1_1A0F35E",
          "ExtraOutputFields": {
            "description": "Prepacked Seafood",
            "nodelevel": 3,
            "displayorder": 722,
            "parentnodeid": "1_D610306"
          },
          "Min": null,
          "Max": null,
          "Applied": false,
          "Count": 1,
          "Statement": null,
          "DisplayCoachMarks": false
        },
        {
          "Name": "1_525587C",
          "Term": "1_525587C",
          "ExtraOutputFields": {
            "description": "Canned & Packet Ready Meals",
            "nodelevel": 3,
            "displayorder": 255,
            "parentnodeid": "1_23C59D3"
          },
          "Min": null,
          "Max": null,
          "Applied": false,
          "Count": 1,
          "Statement": null,
          "DisplayCoachMarks": false
        },
        {
          "Name": "1_6074BC8",
          "Term": "1_6074BC8",
          "ExtraOutputFields": {
            "description": "Gluten Free",
            "nodelevel": 3,
            "displayorder": 350,
            "parentnodeid": "1_6102D14"
          },
          "Min": null,
          "Max": null,
          "Applied": false,
          "Count": 1,
          "Statement": null,
          "DisplayCoachMarks": false
        },
        {
          "Name": "1_6B75CAD",
          "Term": "1_6B75CAD",
          "ExtraOutputFields": {
            "description": "Oven Ready Meat",
            "nodelevel": 3,
            "displayorder": 702,
            "parentnodeid": "1_CED9B86"
          },
          "Min": null,
          "Max": null,
          "Applied": false,
          "Count": 1,
          "Statement": null,
          "DisplayCoachMarks": false
        },
        {
          "Name": "1_CED9B86",
          "Term": "1_CED9B86",
          "ExtraOutputFields": {
            "description": "Meat",
            "nodelevel": 2,
            "displayorder": 122,
            "parentnodeid": "1_D5A2236"
          },
          "Min": null,
          "Max": null,
          "Applied": false,
          "Count": 1,
          "Statement": null,
          "DisplayCoachMarks": false
        },
        {
          "Name": "1_D610306",
          "Term": "1_D610306",
          "ExtraOutputFields": {
            "description": "Seafood",
            "nodelevel": 2,
            "displayorder": 123,
            "parentnodeid": "1_D5A2236"
          },
          "Min": null,
          "Max": null,
          "Applied": false,
          "Count": 1,
          "Statement": null,
          "DisplayCoachMarks": false
        },
        {
          "Name": "1_D6FEFAF",
          "Term": "1_D6FEFAF",
          "ExtraOutputFields": {
            "description": "Organic Dairy & Eggs",
            "nodelevel": 3,
            "displayorder": 619,
            "parentnodeid": "1_C2E7913"
          },
          "Min": null,
          "Max": null,
          "Applied": false,
          "Count": 1,
          "Statement": null,
          "DisplayCoachMarks": false
        }
      ],
      "ResultsGrouped": null,
      "State": "Closed",
      "Rank": 1,
      "AdditionalResults": false,
      "DesignType": "Default",
      "ShowFilter": false,
      "Statement": null,
      "DisplayCoachMarks": false
    }
  ],
  "HasRewardsCard": true,
  "HasTobaccoItems": false,
  "Success": true
}