{
  "SeoMetaTags": {
    "Title": "Freezer | Woolworths",
    "MetaDescription": "Shop online for Woolworths' great range of Freezer food. Delivered straight to your door or Pick up from your local store.",
    "Groups": []
  },
  "Bundles": [
    {
      "Products": [
        {
          "TileID": 0,
          "Stockcode": 53743,
          "Barcode": "9347043001832",
          "GtinFormat": 13,
          "CupPrice": 0.75,
          "InstoreCupPrice": 0.75,
          "CupMeasure": "100ML",
          "CupString": "$0.75 / 100ML",
          "InstoreCupString": "$0.75 / 100ML",
          "HasCupPrice": true,
          "InstoreHasCupPrice": true,
          "Price": 9,
          "InstorePrice": 9,
          "Name": "Cadbury Picnic Tub",
          "UrlFriendlyName": "cadbury-picnic-tub",
          "Description": " Cadbury Picnic Tub  1.2l",
          "SmallImageFile": "https://cdn0.woolworths.media/content/wowproductimages/small/053743.jpg",
          "MediumImageFile": "https://cdn0.woolworths.media/content/wowproductimages/medium/053743.jpg",
          "LargeImageFile": "https://cdn0.woolworths.media/content/wowproductimages/large/053743.jpg",
          "IsNew": false,
          "IsOnSpecial": false,
          "InstoreIsOnSpecial": false,
          "IsEdrSpecial": false,
          "SavingsAmount": 0,
          "InstoreSavingsAmount": 0,
          "WasPrice": 9,
          "InstoreWasPrice": 9,
          "QuantityInTrolley": 0,
          "Unit": "Each",
          "MinimumQuantity": 1,
          "HasBeenBoughtBefore": false,
          "IsInTrolley": false,
          "Source": "Aisle.Freezer",
          "SupplyLimit": 36,
          "IsRanged": false,
          "IsInStock": true,
          "PackageSize": "1.2l",
          "IsPmDelivery": true,
          "IsForCollection": true,
          "IsForDelivery": true,
          "IsForExpress": false,
          "ProductRestrictionMessage": null,
          "ProductWarningMessage": null,
          "CentreTag": {
            "TagContent": null,
            "TagLink": null,
            "FallbackText": null,
            "TagType": "None",
            "MultibuyData": null
          },
          "IsCentreTag": false,
          "ImageTag": {
            "TagContent": null,
            "TagLink": null,
            "FallbackText": "",
            "TagType": "None",
            "MultibuyData": null
          },
          "HeaderTag": null,
          "HasHeaderTag": false,
          "UnitWeightInGrams": 689,
          "SupplyLimitMessage": "'Cadbury Picnic Tub' has a supply limit of 36. The quantity in your cart has been reduced accordingly. To purchase a larger quantity, please contact us on 1800 000 610. Please note we do not supply trade orders.",
          "SmallFormatDescription": "Cadbury Picnic Tub ",
          "FullDescription": "Cadbury Picnic Tub ",
          "IsAvailable": true,
          "InstoreIsAvailable": true,
          "IsPurchasable": true,
          "InstoreIsPurchasable": true,
          "AgeRestricted": false,
          "DisplayQuantity": 1,
          "RichDescription": "Caramel & Chocolate flavour with Caramel sauce, diced peanuts and wafer pieces.",
          "IsDeliveryPass": false,
          "HideWasSavedPrice": false,
          "SapCategories": null,
          "Brand": "cadbury",
          "IsRestrictedByDeliveryMethod": false,
          "FooterTag": {
            "TagContent": null,
            "TagLink": null,
            "FallbackText": null,
            "TagType": "None",
            "MultibuyData": null
          },
          "IsFooterEnabled": true,
          "Diagnostics": "144",
          "IsBundle": false,
          "IsInFamily": false,
          "ChildProducts": [],
          "UrlOverride": null,
          "AdditionalAttributes": {
            "sapdepartmentname": "GROCERIES",
            "sapdepartmentno": "5",
            "sapcategoryname": "ICE CREAM",
            "sapcategoryno": "94",
            "sapsubcategoryname": "FREEZER - ICE CREAM TAKE HOME",
            "sapsubcategoryno": "107",
            "sapsegmentname": "LICENCED 1L AND OVER",
            "sapsegmentno": "9",
            "specialsgroupid": null,
            "PiesProductDepartmentNodeId": "1_ACA2FC2",
            "PiesProductDepartmentsjson": "[{\"Id\":\"1_ACA2FC2\",\"Description\":\"Freezer\"}]",
            "piesdepartmentnamesjson": "[\"Freezer\"]",
            "piescategorynamesjson": "[\"Ice Cream\"]",
            "piessubcategorynamesjson": "[\"Ice Cream Tubs\"]",
            "servingsize-total-nip": null,
            "servingsperpack-total-nip": null,
            "microwaveable": "False",
            "ovencook": "False",
            "vegetarian": "False",
            "freezable": "False",
            "containsnuts": "False",
            "containsgluten": "False",
            "description": "Caramel & Chocolate flavour with Caramel sauce, diced peanuts and wafer pieces.",
            "ingredients": null,
            "nutritionalinformation": "{\"Name\":\"Nutritional Information\",\"Attributes\":[{\"Id\":705,\"Name\":\"Carbohydrate Quantity Per 100g - Total - NIP\",\"Value\":\"Approx.32.9g\",\"Description\":\"Carbohydrate Quantity Per 100g - Total - NIP\",\"SortOrder\":83},{\"Id\":706,\"Name\":\"Carbohydrate Quantity Per Serve - Total - NIP\",\"Value\":\"Approx.17.5g\",\"Description\":\"Carbohydrate Quantity Per Serve - Total - NIP\",\"SortOrder\":87},{\"Id\":759,\"Name\":\"Energy kJ Quantity Per 100g - Total - NIP\",\"Value\":\"Approx.940kJ\",\"Description\":\"Energy kJ Quantity Per 100g - Total - NIP\",\"SortOrder\":239},{\"Id\":760,\"Name\":\"Energy kJ Quantity Per Serve - Total - NIP\",\"Value\":\"Approx.500kJ\",\"Description\":\"Energy kJ Quantity Per Serve - Total - NIP\",\"SortOrder\":243},{\"Id\":253,\"Name\":\"Fat Saturated Quantity Per 100g - Total - NIP\",\"Value\":\"Approx.5.9g\",\"Description\":\"Fat Saturated Quantity Per 100g - Total - NIP\",\"SortOrder\":251},{\"Id\":258,\"Name\":\"Fat Saturated Quantity Per Serve - Total - NIP\",\"Value\":\"Approx.3.1g\",\"Description\":\"Fat Saturated Quantity Per Serve - Total - NIP\",\"SortOrder\":255},{\"Id\":764,\"Name\":\"Fat Total Quantity Per 100g - Total - NIP\",\"Value\":\"Approx.8.4g\",\"Description\":\"Fat Total Quantity Per 100g - Total - NIP\",\"SortOrder\":263},{\"Id\":264,\"Name\":\"Fat Total Quantity Per Serve - Total - NIP\",\"Value\":\"Approx.4.5g\",\"Description\":\"Fat Total Quantity Per Serve - Total - NIP\",\"SortOrder\":267},{\"Id\":878,\"Name\":\"Protein Quantity Per 100g - Total - NIP\",\"Value\":\"Approx.3.5g\",\"Description\":\"Protein Quantity Per 100g - Total - NIP\",\"SortOrder\":587},{\"Id\":882,\"Name\":\"Protein Quantity Per Serve - Total - NIP\",\"Value\":\"Approx.1.9g\",\"Description\":\"Protein Quantity Per Serve - Total - NIP\",\"SortOrder\":591},{\"Id\":477,\"Name\":\"Serving Size - Total - NIP\",\"Value\":\"53g\",\"Description\":\"Serving Size - Total - NIP\",\"SortOrder\":607},{\"Id\":544,\"Name\":\"Servings Per Pack - Total - NIP\",\"Value\":\"12\",\"Description\":\"Servings Per Pack - Total - NIP\",\"SortOrder\":611},{\"Id\":491,\"Name\":\"Sodium Quantity Per 100g - Total - NIP\",\"Value\":\"Approx.68mg\",\"Description\":\"Sodium Quantity Per 100g - Total - NIP\",\"SortOrder\":623},{\"Id\":495,\"Name\":\"Sodium Quantity Per Serve - Total - NIP\",\"Value\":\"Approx.36mg\",\"Description\":\"Sodium Quantity Per Serve - Total - NIP\",\"SortOrder\":627},{\"Id\":907,\"Name\":\"Sugars Quantity Per 100g - Prefix - NIP\",\"Value\":\"Approx.\",\"Description\":\"Sugars Quantity Per 100g - Prefix - NIP\",\"SortOrder\":645},{\"Id\":908,\"Name\":\"Sugars Quantity Per 100g - SuffixUnits - NIP\",\"Value\":\"g\",\"Description\":\"Sugars Quantity Per 100g - SuffixUnits - NIP\",\"SortOrder\":646},{\"Id\":909,\"Name\":\"Sugars Quantity Per 100g - Total - NIP\",\"Value\":\"Approx.26.8g\",\"Description\":\"Sugars Quantity Per 100g - Total - NIP\",\"SortOrder\":647},{\"Id\":910,\"Name\":\"Sugars Quantity Per 100g - ValueWord - NIP\",\"Value\":\"26.8\",\"Description\":\"Sugars Quantity Per 100g - ValueWord - NIP\",\"SortOrder\":648},{\"Id\":504,\"Name\":\"Sugars Quantity Per Serve - Prefix - NIP\",\"Value\":\"Approx.\",\"Description\":\"Sugars Quantity Per Serve - Prefix - NIP\",\"SortOrder\":649},{\"Id\":911,\"Name\":\"Sugars Quantity Per Serve - SuffixUnits - NIP\",\"Value\":\"g\",\"Description\":\"Sugars Quantity Per Serve - SuffixUnits - NIP\",\"SortOrder\":650},{\"Id\":912,\"Name\":\"Sugars Quantity Per Serve - Total - NIP\",\"Value\":\"Approx.14.2g\",\"Description\":\"Sugars Quantity Per Serve - Total - NIP\",\"SortOrder\":651},{\"Id\":572,\"Name\":\"Sugars Quantity Per Serve - ValueWord - NIP\",\"Value\":\"14.2\",\"Description\":\"Sugars Quantity Per Serve - ValueWord - NIP\",\"SortOrder\":652}]}",
            "storageinstructions": null,
            "usageinstructions": null,
            "brand": "cadbury",
            "manufacturer": null,
            "countryoforigin": null,
            "productheightmm": null,
            "productwidthmm": null,
            "productdepthmm": null,
            "wool_productpackaging": null,
            "recyclableinformation": null,
            "importantinformation": null,
            "allergencontains": "Peanuts, Soy, Wheat, Milk, Oats",
            "allergenmaybepresent": "Tree Nuts",
            "allergystatement": null,
            "lifestyleanddietarystatement": "Low Salt",
            "lifestyleclaim": null,
            "wool_dietaryclaim": null,
            "boxedcontents": null,
            "suitablefor": null,
            "fragrance": null,
            "colour": null,
            "antioxidant": "False",
            "addedvitaminsandminerals": "False",
            "bpafree": "False",
            "sulfatefree": "False",
            "parabenfree": "False",
            "claims": null,
            "alcoholfree": null,
            "anti-dandruff": null,
            "dermatologicallyapproved": null,
            "dermatologistrecommended": null,
            "dermatologisttested": null,
            "fragrance-free": null,
            "haircolour": null,
            "hairtype": null,
            "hypo-allergenic": null,
            "non-comedogenic": null,
            "oilfree": null,
            "ophthalmologistapproved": null,
            "ophthalmologisttested": null,
            "paba-free": null,
            "skincondition": null,
            "skintype": null,
            "soap-free": null,
            "spf": null,
            "sweatresistant": null,
            "timer": null,
            "waterresistant": null,
            "phbalanced": null,
            "antiseptic": "False",
            "antibacterial": "False",
            "activeconstituents": null,
            "contains": null,
            "microwavesafe": "False",
            "productimagecount": "2",
            "friendlydisclaimer": null,
            "productimages": "53743.jpg,53743_1.jpg",
            "healthstarrating": "0",
            "tgawarnings": null,
            "vendorarticleid": null,
            "vendorcostprice": null,
            "tgawarning": null
          },
          "DetailsImagePaths": [
            "https://cdn0.woolworths.media/content/wowproductimages/large/053743.jpg",
            "https://cdn0.woolworths.media/content/wowproductimages/large/053743_1.jpg"
          ],
          "Variety": "",
          "Rating": {
            "ReviewCount": 12,
            "RatingCount": 12,
            "RatingSum": 0,
            "OneStarCount": 0,
            "TwoStarCount": 1,
            "ThreeStarCount": 3,
            "FourStarCount": 1,
            "FiveStarCount": 7,
            "Average": 4.16666666666667,
            "OneStarPercentage": 0,
            "TwoStarPercentage": 8.33333333333333,
            "ThreeStarPercentage": 25,
            "FourStarPercentage": 8.33333333333333,
            "FiveStarPercentage": 58.3333333333333
          },
          "HasProductSubs": false,
          "IsSponsoredAd": false,
          "AdID": null,
          "AdIndex": null,
          "ThirdPartyProductInfo": null,
          "MarketFeatures": null,
          "MarketSpecifications": null
        }
      ],
      "Name": "Cadbury Picnic Tub"
    },
    {
      "Products": [
        {
          "TileID": 0,
          "Stockcode": 59933,
          "Barcode": "850005983040",
          "GtinFormat": 12,
          "CupPrice": 1.9,
          "InstoreCupPrice": 1.9,
          "CupMeasure": "100ML",
          "CupString": "$1.90 / 100ML",
          "InstoreCupString": "$1.90 / 100ML",
          "HasCupPrice": true,
          "InstoreHasCupPrice": true,
          "Price": 9,
          "InstorePrice": 9,
          "Name": "Halo Top Strawberry Cheesecake",
          "UrlFriendlyName": "halo-top-strawberry-cheesecake",
          "Description": " Halo Top Strawberry<br>Cheesecake  473ml",
          "SmallImageFile": "https://cdn0.woolworths.media/content/wowproductimages/small/059933.jpg",
          "MediumImageFile": "https://cdn0.woolworths.media/content/wowproductimages/medium/059933.jpg",
          "LargeImageFile": "https://cdn0.woolworths.media/content/wowproductimages/large/059933.jpg",
          "IsNew": false,
          "IsOnSpecial": false,
          "InstoreIsOnSpecial": false,
          "IsEdrSpecial": false,
          "SavingsAmount": 0,
          "InstoreSavingsAmount": 0,
          "WasPrice": 9,
          "InstoreWasPrice": 9,
          "QuantityInTrolley": 0,
          "Unit": "Each",
          "MinimumQuantity": 1,
          "HasBeenBoughtBefore": false,
          "IsInTrolley": false,
          "Source": "Aisle.Freezer",
          "SupplyLimit": 36,
          "IsRanged": false,
          "IsInStock": true,
          "PackageSize": "473ml",
          "IsPmDelivery": true,
          "IsForCollection": true,
          "IsForDelivery": true,
          "IsForExpress": false,
          "ProductRestrictionMessage": null,
          "ProductWarningMessage": null,
          "CentreTag": {
            "TagContent": "<span style=\"COLOR: #e2001a\"> Was $10.00 05/08/2019</span>",
            "TagLink": null,
            "FallbackText": null,
            "TagType": "Html",
            "MultibuyData": null
          },
          "IsCentreTag": true,
          "ImageTag": {
            "TagContent": null,
            "TagLink": null,
            "FallbackText": "",
            "TagType": "None",
            "MultibuyData": null
          },
          "HeaderTag": {
            "BackgroundColor": "#fff",
            "BorderColor": "#c20016",
            "TextColor": "#c20016",
            "Content": "<span class=\"u-semibold\">Prices dropped</span>",
            "TagLink": null,
            "Promotion": "PriceDropped"
          },
          "HasHeaderTag": true,
          "UnitWeightInGrams": 350,
          "SupplyLimitMessage": "'Halo Top Strawberry Cheesecake' has a supply limit of 36. The quantity in your cart has been reduced accordingly. To purchase a larger quantity, please contact us on 1800 000 610. Please note we do not supply trade orders.",
          "SmallFormatDescription": "Halo Top Strawberry Cheesecake ",
          "FullDescription": "Halo Top Strawberry Cheesecake ",
          "IsAvailable": true,
          "InstoreIsAvailable": true,
          "IsPurchasable": true,
          "InstoreIsPurchasable": true,
          "AgeRestricted": false,
          "DisplayQuantity": 1,
          "RichDescription": "<div>Finally a dessert you can feel good about eating! Grab a spoon and taste the creamy, deliciousness of Halo Top flavours! Treat yourself with only 280 to 360 calories per tub. We know it sounds too good to be true, so don't just take our word for it - dig in and taste for yourself!</div>",
          "IsDeliveryPass": false,
          "HideWasSavedPrice": false,
          "SapCategories": null,
          "Brand": "halo top",
          "IsRestrictedByDeliveryMethod": false,
          "FooterTag": {
            "TagContent": "<div class=\"productTag-pricedropped\" style=\"\r\nheight:46px;\r\nposition:absolute;\r\ntop:-4px;\r\nleft:0;\r\nwidth:100%;\r\nbackground:white;\r\noutline: 1px solid #c20016;\r\ntext-align:center;\">\r\n\r\n<img src=\"https://cdn0.woolworths.media/content/content/pricedropped-footer-transparent.png\" width=\"204px\" height=\"16px\" alt=\"Price Dropped\" style=\"display:inline-block;margin-top:15px;max-width: 100%;\">\r\n</div>",
            "TagLink": null,
            "FallbackText": null,
            "TagType": "Html",
            "MultibuyData": null
          },
          "IsFooterEnabled": true,
          "Diagnostics": "145",
          "IsBundle": false,
          "IsInFamily": false,
          "ChildProducts": [],
          "UrlOverride": null,
          "AdditionalAttributes": {
            "sapdepartmentname": "GROCERIES",
            "sapdepartmentno": "5",
            "sapcategoryname": "ICE CREAM",
            "sapcategoryno": "94",
            "sapsubcategoryname": "FREEZER - ICE CREAM TAKE HOME",
            "sapsubcategoryno": "107",
            "sapsegmentname": "FUNCTIONAL - CALORIE CONTROLLED TUBS",
            "sapsegmentno": "1",
            "specialsgroupid": null,
            "PiesProductDepartmentNodeId": "1_ACA2FC2",
            "PiesProductDepartmentsjson": "[{\"Id\":\"1_ACA2FC2\",\"Description\":\"Freezer\"}]",
            "piesdepartmentnamesjson": "[\"Freezer\"]",
            "piescategorynamesjson": "[\"Ice Cream\"]",
            "piessubcategorynamesjson": "[\"Ice Cream Tubs\"]",
            "servingsize-total-nip": null,
            "servingsperpack-total-nip": null,
            "microwaveable": "False",
            "ovencook": "False",
            "vegetarian": "False",
            "freezable": "False",
            "containsnuts": "False",
            "containsgluten": "False",
            "description": "<div>Finally a dessert you can feel good about eating! Grab a spoon and taste the creamy, deliciousness of Halo Top flavours! Treat yourself with only 280 to 360 calories per tub. We know it sounds too good to be true, so don't just take our word for it - dig in and taste for yourself!</div>",
            "ingredients": "Milk And Cream (60%), Eggs, Strawberry Base (5%)(strawberries, Cane Sugar, Water, Natural Flavour, Corn Starch, Radish Concentrate, Apple Concentrate, Black Currant Concentrate, Flavour Enhancer (Citric Acid)), Milk Protein Concentrate, Sweetener (Erythritol), Organic Cane Sugar, Soluble Corn Fibre, Graham Cracker Swirl (35%)(Graham Crumbs (Enhanced Wheat Flavour (Contains: Vitamins (Niacin, Thiamine Mononitrate, Riboflavin, Folic Acid) Minerals (Reduced Iron)),Graham Flour, Sugar, Palm Oil, Brown Sugar, Honey, Salt, Baking Soda, Natural Flavour), Confectioners Sugar, Sunflower Oil, Canola Oil, Emulsifier (Sunflower Lecithin), Natural Flavours, Cinnamon), Cheesecake (3.5%)(Wheat Flour, Sugar, Cream Cheese (Pasteurized Cultured Milk And Cream, Salt, Stabilizers (Guar Gum, Carob Bean Gum)), Confectioners Sugar (Sugar, Corn Starch), Butter, White Rice Flour, Pure Vanilla Extract, Emulsifier (Sunflower Lecithin), Salt, Lemon Peel), thickener (Vegetable Glycerin), Whey Protein Concentrate, Emulsifier (Gum Arabic), Natural Flavour, Sea Salt, Organic Vegetable Gum (Carob Bean Gum, Guar Gum), Organic Sweetener (Steviol Glycosides (Stevia))",
            "nutritionalinformation": "{\"Name\":\"Nutritional Information\",\"Attributes\":[{\"Id\":705,\"Name\":\"Carbohydrate Quantity Per 100g - Total - NIP\",\"Value\":\"14g\",\"Description\":\"Carbohydrate Quantity Per 100g - Total - NIP\",\"SortOrder\":83},{\"Id\":706,\"Name\":\"Carbohydrate Quantity Per Serve - Total - NIP\",\"Value\":\"10g\",\"Description\":\"Carbohydrate Quantity Per Serve - Total - NIP\",\"SortOrder\":87},{\"Id\":759,\"Name\":\"Energy kJ Quantity Per 100g - Total - NIP\",\"Value\":\"554kJ\",\"Description\":\"Energy kJ Quantity Per 100g - Total - NIP\",\"SortOrder\":239},{\"Id\":760,\"Name\":\"Energy kJ Quantity Per Serve - Total - NIP\",\"Value\":\"377kJ\",\"Description\":\"Energy kJ Quantity Per Serve - Total - NIP\",\"SortOrder\":243},{\"Id\":253,\"Name\":\"Fat Saturated Quantity Per 100g - Total - NIP\",\"Value\":\"1.5g\",\"Description\":\"Fat Saturated Quantity Per 100g - Total - NIP\",\"SortOrder\":251},{\"Id\":258,\"Name\":\"Fat Saturated Quantity Per Serve - Total - NIP\",\"Value\":\"1g\",\"Description\":\"Fat Saturated Quantity Per Serve - Total - NIP\",\"SortOrder\":255},{\"Id\":764,\"Name\":\"Fat Total Quantity Per 100g - Total - NIP\",\"Value\":\"4g\",\"Description\":\"Fat Total Quantity Per 100g - Total - NIP\",\"SortOrder\":263},{\"Id\":264,\"Name\":\"Fat Total Quantity Per Serve - Total - NIP\",\"Value\":\"3g\",\"Description\":\"Fat Total Quantity Per Serve - Total - NIP\",\"SortOrder\":267},{\"Id\":878,\"Name\":\"Protein Quantity Per 100g - Total - NIP\",\"Value\":\"7g\",\"Description\":\"Protein Quantity Per 100g - Total - NIP\",\"SortOrder\":587},{\"Id\":882,\"Name\":\"Protein Quantity Per Serve - Total - NIP\",\"Value\":\"5g\",\"Description\":\"Protein Quantity Per Serve - Total - NIP\",\"SortOrder\":591},{\"Id\":477,\"Name\":\"Serving Size - Total - NIP\",\"Value\":\"68g\",\"Description\":\"Serving Size - Total - NIP\",\"SortOrder\":607},{\"Id\":544,\"Name\":\"Servings Per Pack - Total - NIP\",\"Value\":\"4\",\"Description\":\"Servings Per Pack - Total - NIP\",\"SortOrder\":611},{\"Id\":491,\"Name\":\"Sodium Quantity Per 100g - Total - NIP\",\"Value\":\"153mg\",\"Description\":\"Sodium Quantity Per 100g - Total - NIP\",\"SortOrder\":623},{\"Id\":495,\"Name\":\"Sodium Quantity Per Serve - Total - NIP\",\"Value\":\"104mg\",\"Description\":\"Sodium Quantity Per Serve - Total - NIP\",\"SortOrder\":627},{\"Id\":909,\"Name\":\"Sugars Quantity Per 100g - Total - NIP\",\"Value\":\"11g\",\"Description\":\"Sugars Quantity Per 100g - Total - NIP\",\"SortOrder\":647},{\"Id\":912,\"Name\":\"Sugars Quantity Per Serve - Total - NIP\",\"Value\":\"8g\",\"Description\":\"Sugars Quantity Per Serve - Total - NIP\",\"SortOrder\":651}]}",
            "storageinstructions": null,
            "usageinstructions": null,
            "brand": "halo top",
            "manufacturer": null,
            "countryoforigin": null,
            "productheightmm": null,
            "productwidthmm": null,
            "productdepthmm": null,
            "wool_productpackaging": null,
            "recyclableinformation": null,
            "importantinformation": null,
            "allergencontains": "Milk, Eggs, Wheat",
            "allergenmaybepresent": null,
            "allergystatement": "Soy Free",
            "lifestyleanddietarystatement": "Source of Protein",
            "lifestyleclaim": "Kosher",
            "wool_dietaryclaim": null,
            "boxedcontents": null,
            "suitablefor": null,
            "fragrance": null,
            "colour": null,
            "antioxidant": "False",
            "addedvitaminsandminerals": "False",
            "bpafree": "False",
            "sulfatefree": "False",
            "parabenfree": "False",
            "claims": null,
            "alcoholfree": null,
            "anti-dandruff": null,
            "dermatologicallyapproved": null,
            "dermatologistrecommended": null,
            "dermatologisttested": null,
            "fragrance-free": null,
            "haircolour": null,
            "hairtype": null,
            "hypo-allergenic": null,
            "non-comedogenic": null,
            "oilfree": null,
            "ophthalmologistapproved": null,
            "ophthalmologisttested": null,
            "paba-free": null,
            "skincondition": null,
            "skintype": null,
            "soap-free": null,
            "spf": null,
            "sweatresistant": null,
            "timer": null,
            "waterresistant": null,
            "phbalanced": null,
            "antiseptic": "False",
            "antibacterial": "False",
            "activeconstituents": null,
            "contains": null,
            "microwavesafe": "False",
            "productimagecount": "1",
            "friendlydisclaimer": null,
            "productimages": "59933.jpg",
            "healthstarrating": "0",
            "tgawarnings": null,
            "vendorarticleid": null,
            "vendorcostprice": null,
            "tgawarning": null
          },
          "DetailsImagePaths": [
            "https://cdn0.woolworths.media/content/wowproductimages/large/059933.jpg"
          ],
          "Variety": null,
          "Rating": {
            "ReviewCount": 14,
            "RatingCount": 14,
            "RatingSum": 0,
            "OneStarCount": 0,
            "TwoStarCount": 1,
            "ThreeStarCount": 0,
            "FourStarCount": 2,
            "FiveStarCount": 11,
            "Average": 4.64285714285714,
            "OneStarPercentage": 0,
            "TwoStarPercentage": 7.14285714285714,
            "ThreeStarPercentage": 0,
            "FourStarPercentage": 14.2857142857143,
            "FiveStarPercentage": 78.5714285714286
          },
          "HasProductSubs": false,
          "IsSponsoredAd": false,
          "AdID": null,
          "AdIndex": null,
          "ThirdPartyProductInfo": null,
          "MarketFeatures": null,
          "MarketSpecifications": null
        }
      ],
      "Name": "Halo Top Strawberry Cheesecake"
    },
    {
      "Products": [
        {
          "TileID": 0,
          "Stockcode": 72545,
          "Barcode": "9354107000359",
          "GtinFormat": 13,
          "CupPrice": 2.57,
          "InstoreCupPrice": 2.57,
          "CupMeasure": "100G",
          "CupString": "$2.57 / 100G",
          "InstoreCupString": "$2.57 / 100G",
          "HasCupPrice": true,
          "InstoreHasCupPrice": true,
          "Price": 9,
          "InstorePrice": 9,
          "Name": "Fitness Outcomes Beef Bolognese",
          "UrlFriendlyName": "fitness-outcomes-beef-bolognese",
          "Description": " Fitness Outcomes Beef<br>Bolognese  350g",
          "SmallImageFile": "https://cdn0.woolworths.media/content/wowproductimages/small/072545.jpg",
          "MediumImageFile": "https://cdn0.woolworths.media/content/wowproductimages/medium/072545.jpg",
          "LargeImageFile": "https://cdn0.woolworths.media/content/wowproductimages/large/072545.jpg",
          "IsNew": false,
          "IsOnSpecial": true,
          "InstoreIsOnSpecial": true,
          "IsEdrSpecial": false,
          "SavingsAmount": 0,
          "InstoreSavingsAmount": 0,
          "WasPrice": 9,
          "InstoreWasPrice": 9,
          "QuantityInTrolley": 0,
          "Unit": "Each",
          "MinimumQuantity": 1,
          "HasBeenBoughtBefore": false,
          "IsInTrolley": false,
          "Source": "Aisle.Freezer",
          "SupplyLimit": 5,
          "IsRanged": false,
          "IsInStock": true,
          "PackageSize": "350g",
          "IsPmDelivery": true,
          "IsForCollection": true,
          "IsForDelivery": true,
          "IsForExpress": false,
          "ProductRestrictionMessage": null,
          "ProductWarningMessage": null,
          "CentreTag": {
            "TagContent": "<a title=\"2 for 16.00\" href=\"/Shop/OfferGroup/10389657\" ><span style=\"COLOR: #e2001a\">2 for $16.00</span> </a>",
            "TagLink": "",
            "FallbackText": null,
            "TagType": "Html",
            "MultibuyData": {
              "Quantity": 2,
              "Price": 16,
              "CupTag": ""
            }
          },
          "IsCentreTag": true,
          "ImageTag": {
            "TagContent": "/content/promotiontags/online-only-special-green-roundel.png",
            "TagLink": "",
            "FallbackText": "Online Only Offer",
            "TagType": "None",
            "MultibuyData": null
          },
          "HeaderTag": {
            "BackgroundColor": null,
            "BorderColor": null,
            "TextColor": null,
            "Content": null,
            "TagLink": "",
            "Promotion": "None"
          },
          "HasHeaderTag": true,
          "UnitWeightInGrams": 350,
          "SupplyLimitMessage": "'Fitness Outcomes Beef Bolognese' has a supply limit of 5. The quantity in your cart has been reduced accordingly. To purchase a larger quantity, please contact us on 1800 000 610. Please note we do not supply trade orders.",
          "SmallFormatDescription": "Fitness Outcomes Beef Bolognese ",
          "FullDescription": "Fitness Outcomes Beef Bolognese ",
          "IsAvailable": true,
          "InstoreIsAvailable": true,
          "IsPurchasable": true,
          "InstoreIsPurchasable": true,
          "AgeRestricted": false,
          "DisplayQuantity": 1,
          "RichDescription": "Grass Fed Beef Bolognese with wholemeal spaghetti",
          "IsDeliveryPass": false,
          "HideWasSavedPrice": false,
          "SapCategories": null,
          "Brand": "fitness outcomes",
          "IsRestrictedByDeliveryMethod": false,
          "FooterTag": {
            "TagContent": null,
            "TagLink": null,
            "FallbackText": null,
            "TagType": "None",
            "MultibuyData": null
          },
          "IsFooterEnabled": true,
          "Diagnostics": "146",
          "IsBundle": false,
          "IsInFamily": false,
          "ChildProducts": [],
          "UrlOverride": null,
          "AdditionalAttributes": {
            "sapdepartmentname": "GROCERIES",
            "sapdepartmentno": "5",
            "sapcategoryname": "FROZEN MEALS",
            "sapcategoryno": "97",
            "sapsubcategoryname": "FREEZER - MEALS",
            "sapsubcategoryno": "91",
            "sapsegmentname": "FITNESS",
            "sapsegmentno": "15",
            "specialsgroupid": "1670",
            "PiesProductDepartmentNodeId": "1_ACA2FC2",
            "PiesProductDepartmentsjson": "[{\"Id\":\"1_ACA2FC2\",\"Description\":\"Freezer\"}]",
            "piesdepartmentnamesjson": "[\"Freezer\"]",
            "piescategorynamesjson": "[\"Frozen Meals\"]",
            "piessubcategorynamesjson": "[\"Healthier Frozen Meals\"]",
            "servingsize-total-nip": null,
            "servingsperpack-total-nip": null,
            "microwaveable": "False",
            "ovencook": "False",
            "vegetarian": "False",
            "freezable": "False",
            "containsnuts": "False",
            "containsgluten": "False",
            "description": "Grass Fed Beef Bolognese with wholemeal spaghetti",
            "ingredients": "Grass Fed Beef Bolognese (81%) (Grass Fed Beef (49%), Crushed Tomato, Tomato Paste, Onion, Carrot, Celery, Salt, Sugar, Herbs, Garlic, Olive Oil, Pepper), Cooked Wholemeal Pasta (29%) (Water, Durum Wheat, Semolina).",
            "nutritionalinformation": "{\"Name\":\"Nutritional Information\",\"Attributes\":[{\"Id\":705,\"Name\":\"Carbohydrate Quantity Per 100g - Total - NIP\",\"Value\":\"10.1g\",\"Description\":\"Carbohydrate Quantity Per 100g - Total - NIP\",\"SortOrder\":83},{\"Id\":706,\"Name\":\"Carbohydrate Quantity Per Serve - Total - NIP\",\"Value\":\"35.4g\",\"Description\":\"Carbohydrate Quantity Per Serve - Total - NIP\",\"SortOrder\":87},{\"Id\":759,\"Name\":\"Energy kJ Quantity Per 100g - Total - NIP\",\"Value\":\"423kJ\",\"Description\":\"Energy kJ Quantity Per 100g - Total - NIP\",\"SortOrder\":239},{\"Id\":760,\"Name\":\"Energy kJ Quantity Per Serve - Total - NIP\",\"Value\":\"1480kJ\",\"Description\":\"Energy kJ Quantity Per Serve - Total - NIP\",\"SortOrder\":243},{\"Id\":253,\"Name\":\"Fat Saturated Quantity Per 100g - Total - NIP\",\"Value\":\"1g\",\"Description\":\"Fat Saturated Quantity Per 100g - Total - NIP\",\"SortOrder\":251},{\"Id\":258,\"Name\":\"Fat Saturated Quantity Per Serve - Total - NIP\",\"Value\":\"3.6g\",\"Description\":\"Fat Saturated Quantity Per Serve - Total - NIP\",\"SortOrder\":255},{\"Id\":764,\"Name\":\"Fat Total Quantity Per 100g - Total - NIP\",\"Value\":\"2.6g\",\"Description\":\"Fat Total Quantity Per 100g - Total - NIP\",\"SortOrder\":263},{\"Id\":264,\"Name\":\"Fat Total Quantity Per Serve - Total - NIP\",\"Value\":\"8.9g\",\"Description\":\"Fat Total Quantity Per Serve - Total - NIP\",\"SortOrder\":267},{\"Id\":878,\"Name\":\"Protein Quantity Per 100g - Total - NIP\",\"Value\":\"8.6g\",\"Description\":\"Protein Quantity Per 100g - Total - NIP\",\"SortOrder\":587},{\"Id\":882,\"Name\":\"Protein Quantity Per Serve - Total - NIP\",\"Value\":\"30g\",\"Description\":\"Protein Quantity Per Serve - Total - NIP\",\"SortOrder\":591},{\"Id\":477,\"Name\":\"Serving Size - Total - NIP\",\"Value\":\"350g\",\"Description\":\"Serving Size - Total - NIP\",\"SortOrder\":607},{\"Id\":544,\"Name\":\"Servings Per Pack - Total - NIP\",\"Value\":\"350g\",\"Description\":\"Servings Per Pack - Total - NIP\",\"SortOrder\":611},{\"Id\":491,\"Name\":\"Sodium Quantity Per 100g - Total - NIP\",\"Value\":\"172mg\",\"Description\":\"Sodium Quantity Per 100g - Total - NIP\",\"SortOrder\":623},{\"Id\":495,\"Name\":\"Sodium Quantity Per Serve - Total - NIP\",\"Value\":\"602mg\",\"Description\":\"Sodium Quantity Per Serve - Total - NIP\",\"SortOrder\":627},{\"Id\":909,\"Name\":\"Sugars Quantity Per 100g - Total - NIP\",\"Value\":\"1.9g\",\"Description\":\"Sugars Quantity Per 100g - Total - NIP\",\"SortOrder\":647},{\"Id\":912,\"Name\":\"Sugars Quantity Per Serve - Total - NIP\",\"Value\":\"6.6g\",\"Description\":\"Sugars Quantity Per Serve - Total - NIP\",\"SortOrder\":651}]}",
            "storageinstructions": null,
            "usageinstructions": null,
            "brand": "fitness outcomes",
            "manufacturer": null,
            "countryoforigin": null,
            "productheightmm": null,
            "productwidthmm": null,
            "productdepthmm": null,
            "wool_productpackaging": null,
            "recyclableinformation": null,
            "importantinformation": null,
            "allergencontains": "Contains Wheat",
            "allergenmaybepresent": null,
            "allergystatement": "No Artificial Preservatives",
            "lifestyleanddietarystatement": "Source of Protein",
            "lifestyleclaim": null,
            "wool_dietaryclaim": "Dairy Free, Preservative Free",
            "boxedcontents": null,
            "suitablefor": null,
            "fragrance": null,
            "colour": null,
            "antioxidant": "False",
            "addedvitaminsandminerals": "False",
            "bpafree": "False",
            "sulfatefree": "False",
            "parabenfree": "False",
            "claims": null,
            "alcoholfree": null,
            "anti-dandruff": null,
            "dermatologicallyapproved": null,
            "dermatologistrecommended": null,
            "dermatologisttested": null,
            "fragrance-free": null,
            "haircolour": null,
            "hairtype": null,
            "hypo-allergenic": null,
            "non-comedogenic": null,
            "oilfree": null,
            "ophthalmologistapproved": null,
            "ophthalmologisttested": null,
            "paba-free": null,
            "skincondition": null,
            "skintype": null,
            "soap-free": null,
            "spf": null,
            "sweatresistant": null,
            "timer": null,
            "waterresistant": null,
            "phbalanced": null,
            "antiseptic": "False",
            "antibacterial": "False",
            "activeconstituents": null,
            "contains": null,
            "microwavesafe": "False",
            "productimagecount": "2",
            "friendlydisclaimer": null,
            "productimages": "72545.jpg,72545_1.jpg",
            "healthstarrating": "0",
            "tgawarnings": null,
            "vendorarticleid": null,
            "vendorcostprice": null,
            "tgawarning": null
          },
          "DetailsImagePaths": [
            "https://cdn0.woolworths.media/content/wowproductimages/large/072545.jpg",
            "https://cdn0.woolworths.media/content/wowproductimages/large/072545_1.jpg"
          ],
          "Variety": null,
          "Rating": {
            "ReviewCount": 2,
            "RatingCount": 2,
            "RatingSum": 0,
            "OneStarCount": 1,
            "TwoStarCount": 0,
            "ThreeStarCount": 0,
            "FourStarCount": 0,
            "FiveStarCount": 1,
            "Average": 3,
            "OneStarPercentage": 50,
            "TwoStarPercentage": 0,
            "ThreeStarPercentage": 0,
            "FourStarPercentage": 0,
            "FiveStarPercentage": 50
          },
          "HasProductSubs": false,
          "IsSponsoredAd": false,
          "AdID": null,
          "AdIndex": null,
          "ThirdPartyProductInfo": null,
          "MarketFeatures": null,
          "MarketSpecifications": null
        }
      ],
      "Name": "Fitness Outcomes Beef Bolognese"
    },
    {
      "Products": [
        {
          "TileID": 0,
          "Stockcode": 72566,
          "Barcode": "9354107000335",
          "GtinFormat": 13,
          "CupPrice": 2.57,
          "InstoreCupPrice": 2.57,
          "CupMeasure": "100G",
          "CupString": "$2.57 / 100G",
          "InstoreCupString": "$2.57 / 100G",
          "HasCupPrice": true,
          "InstoreHasCupPrice": true,
          "Price": 9,
          "InstorePrice": 9,
          "Name": "Fitness Outcomes Beef Chilli Con Carne",
          "UrlFriendlyName": "fitness-outcomes-beef-chilli-con-carne",
          "Description": " Fitness Outcomes Beef Chilli<br>Con Carne  350g",
          "SmallImageFile": "https://cdn0.woolworths.media/content/wowproductimages/small/072566.jpg",
          "MediumImageFile": "https://cdn0.woolworths.media/content/wowproductimages/medium/072566.jpg",
          "LargeImageFile": "https://cdn0.woolworths.media/content/wowproductimages/large/072566.jpg",
          "IsNew": false,
          "IsOnSpecial": true,
          "InstoreIsOnSpecial": true,
          "IsEdrSpecial": false,
          "SavingsAmount": 0,
          "InstoreSavingsAmount": 0,
          "WasPrice": 9,
          "InstoreWasPrice": 9,
          "QuantityInTrolley": 0,
          "Unit": "Each",
          "MinimumQuantity": 1,
          "HasBeenBoughtBefore": false,
          "IsInTrolley": false,
          "Source": "Aisle.Freezer",
          "SupplyLimit": 5,
          "IsRanged": false,
          "IsInStock": true,
          "PackageSize": "350g",
          "IsPmDelivery": true,
          "IsForCollection": true,
          "IsForDelivery": true,
          "IsForExpress": false,
          "ProductRestrictionMessage": null,
          "ProductWarningMessage": null,
          "CentreTag": {
            "TagContent": "<a title=\"2 for 16.00\" href=\"/Shop/OfferGroup/10389657\" ><span style=\"COLOR: #e2001a\">2 for $16.00</span> </a>",
            "TagLink": "",
            "FallbackText": null,
            "TagType": "Html",
            "MultibuyData": {
              "Quantity": 2,
              "Price": 16,
              "CupTag": ""
            }
          },
          "IsCentreTag": true,
          "ImageTag": {
            "TagContent": "/content/promotiontags/online-only-special-green-roundel.png",
            "TagLink": "",
            "FallbackText": "Online Only Offer",
            "TagType": "None",
            "MultibuyData": null
          },
          "HeaderTag": {
            "BackgroundColor": null,
            "BorderColor": null,
            "TextColor": null,
            "Content": null,
            "TagLink": "",
            "Promotion": "None"
          },
          "HasHeaderTag": true,
          "UnitWeightInGrams": 365,
          "SupplyLimitMessage": "'Fitness Outcomes Beef Chilli Con Carne' has a supply limit of 5. The quantity in your cart has been reduced accordingly. To purchase a larger quantity, please contact us on 1800 000 610. Please note we do not supply trade orders.",
          "SmallFormatDescription": "Fitness Outcomes Beef Chilli Con Carne ",
          "FullDescription": "Fitness Outcomes Beef Chilli Con Carne ",
          "IsAvailable": true,
          "InstoreIsAvailable": true,
          "IsPurchasable": true,
          "InstoreIsPurchasable": true,
          "AgeRestricted": false,
          "DisplayQuantity": 1,
          "RichDescription": "Grass Fed Beef Chilli Con Carne with brown rice and green beans",
          "IsDeliveryPass": false,
          "HideWasSavedPrice": false,
          "SapCategories": null,
          "Brand": "fitness outcomes",
          "IsRestrictedByDeliveryMethod": false,
          "FooterTag": {
            "TagContent": null,
            "TagLink": null,
            "FallbackText": null,
            "TagType": "None",
            "MultibuyData": null
          },
          "IsFooterEnabled": true,
          "Diagnostics": "147",
          "IsBundle": false,
          "IsInFamily": false,
          "ChildProducts": [],
          "UrlOverride": null,
          "AdditionalAttributes": {
            "sapdepartmentname": "GROCERIES",
            "sapdepartmentno": "5",
            "sapcategoryname": "FROZEN MEALS",
            "sapcategoryno": "97",
            "sapsubcategoryname": "FREEZER - MEALS",
            "sapsubcategoryno": "91",
            "sapsegmentname": "FITNESS",
            "sapsegmentno": "15",
            "specialsgroupid": "1670",
            "PiesProductDepartmentNodeId": "1_ACA2FC2",
            "PiesProductDepartmentsjson": "[{\"Id\":\"1_ACA2FC2\",\"Description\":\"Freezer\"}]",
            "piesdepartmentnamesjson": "[\"Freezer\"]",
            "piescategorynamesjson": "[\"Frozen Meals\"]",
            "piessubcategorynamesjson": "[\"Healthier Frozen Meals\"]",
            "servingsize-total-nip": null,
            "servingsperpack-total-nip": null,
            "microwaveable": "False",
            "ovencook": "False",
            "vegetarian": "False",
            "freezable": "False",
            "containsnuts": "False",
            "containsgluten": "False",
            "description": "Grass Fed Beef Chilli Con Carne with brown rice and green beans",
            "ingredients": "Grass Fed Beef Chilli Con Carne (74%) (Grass Fed Beef (42%), Red Kidney Beans, Onion, Tomato Paste, Capsicum, Jalapeno Pepper, Spices, Salt, Garlic, Olive Oil, Chilli, Herbs, Pepper), Cooked Brown Rice (16%) (Water, Brown Rice), Green Beans (10%).",
            "nutritionalinformation": "{\"Name\":\"Nutritional Information\",\"Attributes\":[{\"Id\":705,\"Name\":\"Carbohydrate Quantity Per 100g - Total - NIP\",\"Value\":\"11.6g\",\"Description\":\"Carbohydrate Quantity Per 100g - Total - NIP\",\"SortOrder\":83},{\"Id\":706,\"Name\":\"Carbohydrate Quantity Per Serve - Total - NIP\",\"Value\":\"40.6g\",\"Description\":\"Carbohydrate Quantity Per Serve - Total - NIP\",\"SortOrder\":87},{\"Id\":759,\"Name\":\"Energy kJ Quantity Per 100g - Total - NIP\",\"Value\":\"471kJ\",\"Description\":\"Energy kJ Quantity Per 100g - Total - NIP\",\"SortOrder\":239},{\"Id\":760,\"Name\":\"Energy kJ Quantity Per Serve - Total - NIP\",\"Value\":\"1650kJ\",\"Description\":\"Energy kJ Quantity Per Serve - Total - NIP\",\"SortOrder\":243},{\"Id\":253,\"Name\":\"Fat Saturated Quantity Per 100g - Total - NIP\",\"Value\":\"1g\",\"Description\":\"Fat Saturated Quantity Per 100g - Total - NIP\",\"SortOrder\":251},{\"Id\":258,\"Name\":\"Fat Saturated Quantity Per Serve - Total - NIP\",\"Value\":\"3.5g\",\"Description\":\"Fat Saturated Quantity Per Serve - Total - NIP\",\"SortOrder\":255},{\"Id\":764,\"Name\":\"Fat Total Quantity Per 100g - Total - NIP\",\"Value\":\"2.9g\",\"Description\":\"Fat Total Quantity Per 100g - Total - NIP\",\"SortOrder\":263},{\"Id\":264,\"Name\":\"Fat Total Quantity Per Serve - Total - NIP\",\"Value\":\"10.01g\",\"Description\":\"Fat Total Quantity Per Serve - Total - NIP\",\"SortOrder\":267},{\"Id\":878,\"Name\":\"Protein Quantity Per 100g - Total - NIP\",\"Value\":\"8.9g\",\"Description\":\"Protein Quantity Per 100g - Total - NIP\",\"SortOrder\":587},{\"Id\":882,\"Name\":\"Protein Quantity Per Serve - Total - NIP\",\"Value\":\"31.1g\",\"Description\":\"Protein Quantity Per Serve - Total - NIP\",\"SortOrder\":591},{\"Id\":477,\"Name\":\"Serving Size - Total - NIP\",\"Value\":\"350g\",\"Description\":\"Serving Size - Total - NIP\",\"SortOrder\":607},{\"Id\":544,\"Name\":\"Servings Per Pack - Total - NIP\",\"Value\":\"350g\",\"Description\":\"Servings Per Pack - Total - NIP\",\"SortOrder\":611},{\"Id\":491,\"Name\":\"Sodium Quantity Per 100g - Total - NIP\",\"Value\":\"169mg\",\"Description\":\"Sodium Quantity Per 100g - Total - NIP\",\"SortOrder\":623},{\"Id\":495,\"Name\":\"Sodium Quantity Per Serve - Total - NIP\",\"Value\":\"592mg\",\"Description\":\"Sodium Quantity Per Serve - Total - NIP\",\"SortOrder\":627},{\"Id\":909,\"Name\":\"Sugars Quantity Per 100g - Total - NIP\",\"Value\":\"1.4g\",\"Description\":\"Sugars Quantity Per 100g - Total - NIP\",\"SortOrder\":647},{\"Id\":912,\"Name\":\"Sugars Quantity Per Serve - Total - NIP\",\"Value\":\"5g\",\"Description\":\"Sugars Quantity Per Serve - Total - NIP\",\"SortOrder\":651}]}",
            "storageinstructions": null,
            "usageinstructions": null,
            "brand": "fitness outcomes",
            "manufacturer": null,
            "countryoforigin": null,
            "productheightmm": null,
            "productwidthmm": null,
            "productdepthmm": null,
            "wool_productpackaging": null,
            "recyclableinformation": null,
            "importantinformation": null,
            "allergencontains": null,
            "allergenmaybepresent": null,
            "allergystatement": "No Artificial Preservatives",
            "lifestyleanddietarystatement": "Source of Protein",
            "lifestyleclaim": "High Protien Meal",
            "wool_dietaryclaim": "Gluten Free, Dairy Free and Preservative Free, Grass Fed Beef",
            "boxedcontents": null,
            "suitablefor": null,
            "fragrance": null,
            "colour": null,
            "antioxidant": "False",
            "addedvitaminsandminerals": "False",
            "bpafree": "False",
            "sulfatefree": "False",
            "parabenfree": "False",
            "claims": null,
            "alcoholfree": null,
            "anti-dandruff": null,
            "dermatologicallyapproved": null,
            "dermatologistrecommended": null,
            "dermatologisttested": null,
            "fragrance-free": null,
            "haircolour": null,
            "hairtype": null,
            "hypo-allergenic": null,
            "non-comedogenic": null,
            "oilfree": null,
            "ophthalmologistapproved": null,
            "ophthalmologisttested": null,
            "paba-free": null,
            "skincondition": null,
            "skintype": null,
            "soap-free": null,
            "spf": null,
            "sweatresistant": null,
            "timer": null,
            "waterresistant": null,
            "phbalanced": null,
            "antiseptic": "False",
            "antibacterial": "False",
            "activeconstituents": null,
            "contains": null,
            "microwavesafe": "False",
            "productimagecount": "2",
            "friendlydisclaimer": null,
            "productimages": "72566.jpg,72566_1.jpg",
            "healthstarrating": "0",
            "tgawarnings": null,
            "vendorarticleid": null,
            "vendorcostprice": null,
            "tgawarning": null
          },
          "DetailsImagePaths": [
            "https://cdn0.woolworths.media/content/wowproductimages/large/072566.jpg",
            "https://cdn0.woolworths.media/content/wowproductimages/large/072566_1.jpg"
          ],
          "Variety": null,
          "Rating": {
            "ReviewCount": 9,
            "RatingCount": 9,
            "RatingSum": 0,
            "OneStarCount": 0,
            "TwoStarCount": 2,
            "ThreeStarCount": 1,
            "FourStarCount": 1,
            "FiveStarCount": 5,
            "Average": 4,
            "OneStarPercentage": 0,
            "TwoStarPercentage": 22.2222222222222,
            "ThreeStarPercentage": 11.1111111111111,
            "FourStarPercentage": 11.1111111111111,
            "FiveStarPercentage": 55.5555555555556
          },
          "HasProductSubs": false,
          "IsSponsoredAd": false,
          "AdID": null,
          "AdIndex": null,
          "ThirdPartyProductInfo": null,
          "MarketFeatures": null,
          "MarketSpecifications": null
        }
      ],
      "Name": "Fitness Outcomes Beef Chilli Con Carne"
    },
    {
      "Products": [
        {
          "TileID": 0,
          "Stockcode": 72665,
          "Barcode": "9354107000328",
          "GtinFormat": 13,
          "CupPrice": 2.57,
          "InstoreCupPrice": 2.57,
          "CupMeasure": "100G",
          "CupString": "$2.57 / 100G",
          "InstoreCupString": "$2.57 / 100G",
          "HasCupPrice": true,
          "InstoreHasCupPrice": true,
          "Price": 9,
          "InstorePrice": 9,
          "Name": "Fitness Outcomes Open Chicken Burrito",
          "UrlFriendlyName": "fitness-outcomes-open-chicken-burrito",
          "Description": " Fitness Outcomes Open<br>Chicken Burrito  350g",
          "SmallImageFile": "https://cdn0.woolworths.media/content/wowproductimages/small/072665.jpg",
          "MediumImageFile": "https://cdn0.woolworths.media/content/wowproductimages/medium/072665.jpg",
          "LargeImageFile": "https://cdn0.woolworths.media/content/wowproductimages/large/072665.jpg",
          "IsNew": false,
          "IsOnSpecial": false,
          "InstoreIsOnSpecial": false,
          "IsEdrSpecial": false,
          "SavingsAmount": 0,
          "InstoreSavingsAmount": 0,
          "WasPrice": 9,
          "InstoreWasPrice": 9,
          "QuantityInTrolley": 0,
          "Unit": "Each",
          "MinimumQuantity": 1,
          "HasBeenBoughtBefore": false,
          "IsInTrolley": false,
          "Source": "Aisle.Freezer",
          "SupplyLimit": 5,
          "IsRanged": false,
          "IsInStock": true,
          "PackageSize": "350g",
          "IsPmDelivery": true,
          "IsForCollection": true,
          "IsForDelivery": true,
          "IsForExpress": false,
          "ProductRestrictionMessage": null,
          "ProductWarningMessage": null,
          "CentreTag": {
            "TagContent": "<a title=\"2 for 16.00\" href=\"/Shop/OfferGroup/10389657\" ><span style=\"COLOR: #e2001a\">2 for $16.00</span> </a>",
            "TagLink": "",
            "FallbackText": null,
            "TagType": "Html",
            "MultibuyData": {
              "Quantity": 2,
              "Price": 16,
              "CupTag": ""
            }
          },
          "IsCentreTag": true,
          "ImageTag": {
            "TagContent": "/content/promotiontags/online-only-special-green-roundel.png",
            "TagLink": "",
            "FallbackText": "Online Only Offer",
            "TagType": "None",
            "MultibuyData": null
          },
          "HeaderTag": null,
          "HasHeaderTag": false,
          "UnitWeightInGrams": 350,
          "SupplyLimitMessage": "'Fitness Outcomes Open Chicken Burrito' has a supply limit of 5. The quantity in your cart has been reduced accordingly. To purchase a larger quantity, please contact us on 1800 000 610. Please note we do not supply trade orders.",
          "SmallFormatDescription": "Fitness Outcomes Open Chicken Burrito ",
          "FullDescription": "Fitness Outcomes Open Chicken Burrito ",
          "IsAvailable": true,
          "InstoreIsAvailable": true,
          "IsPurchasable": true,
          "InstoreIsPurchasable": true,
          "AgeRestricted": false,
          "DisplayQuantity": 1,
          "RichDescription": "Open Free Range Chicken Burrito with brown rice and green beans",
          "IsDeliveryPass": false,
          "HideWasSavedPrice": false,
          "SapCategories": null,
          "Brand": "fitness outcomes",
          "IsRestrictedByDeliveryMethod": false,
          "FooterTag": {
            "TagContent": null,
            "TagLink": null,
            "FallbackText": null,
            "TagType": "None",
            "MultibuyData": null
          },
          "IsFooterEnabled": true,
          "Diagnostics": "148",
          "IsBundle": false,
          "IsInFamily": false,
          "ChildProducts": [],
          "UrlOverride": null,
          "AdditionalAttributes": {
            "sapdepartmentname": "GROCERIES",
            "sapdepartmentno": "5",
            "sapcategoryname": "FROZEN MEALS",
            "sapcategoryno": "97",
            "sapsubcategoryname": "FREEZER - MEALS",
            "sapsubcategoryno": "91",
            "sapsegmentname": "FITNESS",
            "sapsegmentno": "15",
            "specialsgroupid": null,
            "PiesProductDepartmentNodeId": "1_ACA2FC2",
            "PiesProductDepartmentsjson": "[{\"Id\":\"1_ACA2FC2\",\"Description\":\"Freezer\"}]",
            "piesdepartmentnamesjson": "[\"Freezer\"]",
            "piescategorynamesjson": "[\"Frozen Meals\"]",
            "piessubcategorynamesjson": "[\"Healthier Frozen Meals\"]",
            "servingsize-total-nip": null,
            "servingsperpack-total-nip": null,
            "microwaveable": "False",
            "ovencook": "False",
            "vegetarian": "False",
            "freezable": "False",
            "containsnuts": "False",
            "containsgluten": "False",
            "description": "Open Free Range Chicken Burrito with brown rice and green beans",
            "ingredients": "Free Range Chicken Burrito (58%) (Free Range Chicken (55%), Tomato Paste, Beans, Onion, Carrot, Peas, Corn, Spices, Salt, Garlic, Olive Oil, Ginger, Herbs, Pepper, Mild Chilli Powder), Cooked Brown Rice (28%) (Water, Brown Rice), Green Beans (14%).",
            "nutritionalinformation": "{\"Name\":\"Nutritional Information\",\"Attributes\":[{\"Id\":705,\"Name\":\"Carbohydrate Quantity Per 100g - Total - NIP\",\"Value\":\"12.9g\",\"Description\":\"Carbohydrate Quantity Per 100g - Total - NIP\",\"SortOrder\":83},{\"Id\":706,\"Name\":\"Carbohydrate Quantity Per Serve - Total - NIP\",\"Value\":\"45.2g\",\"Description\":\"Carbohydrate Quantity Per Serve - Total - NIP\",\"SortOrder\":87},{\"Id\":759,\"Name\":\"Energy kJ Quantity Per 100g - Total - NIP\",\"Value\":\"507kJ\",\"Description\":\"Energy kJ Quantity Per 100g - Total - NIP\",\"SortOrder\":239},{\"Id\":760,\"Name\":\"Energy kJ Quantity Per Serve - Total - NIP\",\"Value\":\"1770kJ\",\"Description\":\"Energy kJ Quantity Per Serve - Total - NIP\",\"SortOrder\":243},{\"Id\":253,\"Name\":\"Fat Saturated Quantity Per 100g - Total - NIP\",\"Value\":\"0.9g\",\"Description\":\"Fat Saturated Quantity Per 100g - Total - NIP\",\"SortOrder\":251},{\"Id\":258,\"Name\":\"Fat Saturated Quantity Per Serve - Total - NIP\",\"Value\":\"3g\",\"Description\":\"Fat Saturated Quantity Per Serve - Total - NIP\",\"SortOrder\":255},{\"Id\":764,\"Name\":\"Fat Total Quantity Per 100g - Total - NIP\",\"Value\":\"3.3g\",\"Description\":\"Fat Total Quantity Per 100g - Total - NIP\",\"SortOrder\":263},{\"Id\":264,\"Name\":\"Fat Total Quantity Per Serve - Total - NIP\",\"Value\":\"11.6g\",\"Description\":\"Fat Total Quantity Per Serve - Total - NIP\",\"SortOrder\":267},{\"Id\":878,\"Name\":\"Protein Quantity Per 100g - Total - NIP\",\"Value\":\"8.6g\",\"Description\":\"Protein Quantity Per 100g - Total - NIP\",\"SortOrder\":587},{\"Id\":882,\"Name\":\"Protein Quantity Per Serve - Total - NIP\",\"Value\":\"30g\",\"Description\":\"Protein Quantity Per Serve - Total - NIP\",\"SortOrder\":591},{\"Id\":477,\"Name\":\"Serving Size - Total - NIP\",\"Value\":\"350g\",\"Description\":\"Serving Size - Total - NIP\",\"SortOrder\":607},{\"Id\":544,\"Name\":\"Servings Per Pack - Total - NIP\",\"Value\":\"350g\",\"Description\":\"Servings Per Pack - Total - NIP\",\"SortOrder\":611},{\"Id\":491,\"Name\":\"Sodium Quantity Per 100g - Total - NIP\",\"Value\":\"197mg\",\"Description\":\"Sodium Quantity Per 100g - Total - NIP\",\"SortOrder\":623},{\"Id\":495,\"Name\":\"Sodium Quantity Per Serve - Total - NIP\",\"Value\":\"688mg\",\"Description\":\"Sodium Quantity Per Serve - Total - NIP\",\"SortOrder\":627},{\"Id\":909,\"Name\":\"Sugars Quantity Per 100g - Total - NIP\",\"Value\":\"1.6g\",\"Description\":\"Sugars Quantity Per 100g - Total - NIP\",\"SortOrder\":647},{\"Id\":912,\"Name\":\"Sugars Quantity Per Serve - Total - NIP\",\"Value\":\"5.7g\",\"Description\":\"Sugars Quantity Per Serve - Total - NIP\",\"SortOrder\":651}]}",
            "storageinstructions": null,
            "usageinstructions": null,
            "brand": "fitness outcomes",
            "manufacturer": null,
            "countryoforigin": null,
            "productheightmm": null,
            "productwidthmm": null,
            "productdepthmm": null,
            "wool_productpackaging": null,
            "recyclableinformation": null,
            "importantinformation": null,
            "allergencontains": null,
            "allergenmaybepresent": null,
            "allergystatement": "No Artificial Preservatives",
            "lifestyleanddietarystatement": "Source of Protein",
            "lifestyleclaim": "High Protien Meal",
            "wool_dietaryclaim": "Gluten Free, Dairy Free and Preservative Free",
            "boxedcontents": null,
            "suitablefor": null,
            "fragrance": null,
            "colour": null,
            "antioxidant": "False",
            "addedvitaminsandminerals": "False",
            "bpafree": "False",
            "sulfatefree": "False",
            "parabenfree": "False",
            "claims": null,
            "alcoholfree": null,
            "anti-dandruff": null,
            "dermatologicallyapproved": null,
            "dermatologistrecommended": null,
            "dermatologisttested": null,
            "fragrance-free": null,
            "haircolour": null,
            "hairtype": null,
            "hypo-allergenic": null,
            "non-comedogenic": null,
            "oilfree": null,
            "ophthalmologistapproved": null,
            "ophthalmologisttested": null,
            "paba-free": null,
            "skincondition": null,
            "skintype": null,
            "soap-free": null,
            "spf": null,
            "sweatresistant": null,
            "timer": null,
            "waterresistant": null,
            "phbalanced": null,
            "antiseptic": "False",
            "antibacterial": "False",
            "activeconstituents": null,
            "contains": null,
            "microwavesafe": "False",
            "productimagecount": "2",
            "friendlydisclaimer": null,
            "productimages": "72665.jpg,72665_1.jpg",
            "healthstarrating": "0",
            "tgawarnings": null,
            "vendorarticleid": null,
            "vendorcostprice": null,
            "tgawarning": null
          },
          "DetailsImagePaths": [
            "https://cdn0.woolworths.media/content/wowproductimages/large/072665.jpg",
            "https://cdn0.woolworths.media/content/wowproductimages/large/072665_1.jpg"
          ],
          "Variety": null,
          "Rating": {
            "ReviewCount": 2,
            "RatingCount": 2,
            "RatingSum": 0,
            "OneStarCount": 0,
            "TwoStarCount": 0,
            "ThreeStarCount": 1,
            "FourStarCount": 0,
            "FiveStarCount": 1,
            "Average": 4,
            "OneStarPercentage": 0,
            "TwoStarPercentage": 0,
            "ThreeStarPercentage": 50,
            "FourStarPercentage": 0,
            "FiveStarPercentage": 50
          },
          "HasProductSubs": false,
          "IsSponsoredAd": false,
          "AdID": null,
          "AdIndex": null,
          "ThirdPartyProductInfo": null,
          "MarketFeatures": null,
          "MarketSpecifications": null
        }
      ],
      "Name": "Fitness Outcomes Open Chicken Burrito"
    },
    {
      "Products": [
        {
          "TileID": 0,
          "Stockcode": 72676,
          "Barcode": "9354107000366",
          "GtinFormat": 13,
          "CupPrice": 2.57,
          "InstoreCupPrice": 2.57,
          "CupMeasure": "100G",
          "CupString": "$2.57 / 100G",
          "InstoreCupString": "$2.57 / 100G",
          "HasCupPrice": true,
          "InstoreHasCupPrice": true,
          "Price": 9,
          "InstorePrice": 9,
          "Name": "Fitness Outcomes Cashew Chicken & Vegetable Stir Fry",
          "UrlFriendlyName": "fitness-outcomes-cashew-chicken-vegetable-stir-fry",
          "Description": " Fitness Outcomes Cashew<br>Chicken & Vegetable... 350g",
          "SmallImageFile": "https://cdn0.woolworths.media/content/wowproductimages/small/072676.jpg",
          "MediumImageFile": "https://cdn0.woolworths.media/content/wowproductimages/medium/072676.jpg",
          "LargeImageFile": "https://cdn0.woolworths.media/content/wowproductimages/large/072676.jpg",
          "IsNew": false,
          "IsOnSpecial": false,
          "InstoreIsOnSpecial": false,
          "IsEdrSpecial": false,
          "SavingsAmount": 0,
          "InstoreSavingsAmount": 0,
          "WasPrice": 9,
          "InstoreWasPrice": 9,
          "QuantityInTrolley": 0,
          "Unit": "Each",
          "MinimumQuantity": 1,
          "HasBeenBoughtBefore": false,
          "IsInTrolley": false,
          "Source": "Aisle.Freezer",
          "SupplyLimit": 5,
          "IsRanged": false,
          "IsInStock": true,
          "PackageSize": "350g",
          "IsPmDelivery": true,
          "IsForCollection": true,
          "IsForDelivery": true,
          "IsForExpress": false,
          "ProductRestrictionMessage": null,
          "ProductWarningMessage": null,
          "CentreTag": {
            "TagContent": "<a title=\"2 for 16.00\" href=\"/Shop/OfferGroup/10389657\" ><span style=\"COLOR: #e2001a\">2 for $16.00</span> </a>",
            "TagLink": "",
            "FallbackText": null,
            "TagType": "Html",
            "MultibuyData": {
              "Quantity": 2,
              "Price": 16,
              "CupTag": ""
            }
          },
          "IsCentreTag": true,
          "ImageTag": {
            "TagContent": "/content/promotiontags/online-only-special-green-roundel.png",
            "TagLink": "",
            "FallbackText": "Online Only Offer",
            "TagType": "None",
            "MultibuyData": null
          },
          "HeaderTag": null,
          "HasHeaderTag": false,
          "UnitWeightInGrams": 350,
          "SupplyLimitMessage": "'Fitness Outcomes Cashew Chicken & Vegetable Stir Fry' has a supply limit of 5. The quantity in your cart has been reduced accordingly. To purchase a larger quantity, please contact us on 1800 000 610. Please note we do not supply trade orders.",
          "SmallFormatDescription": "Fitness Outcomes Cashew Chicken & Vegetable Stir Fry",
          "FullDescription": "Fitness Outcomes Cashew Chicken & Vegetable Stir Fry",
          "IsAvailable": true,
          "InstoreIsAvailable": true,
          "IsPurchasable": true,
          "InstoreIsPurchasable": true,
          "AgeRestricted": false,
          "DisplayQuantity": 1,
          "RichDescription": "Free Range Cashew Chicken and Vegetable Stir-Fry",
          "IsDeliveryPass": false,
          "HideWasSavedPrice": false,
          "SapCategories": null,
          "Brand": "fitness outcomes",
          "IsRestrictedByDeliveryMethod": false,
          "FooterTag": {
            "TagContent": null,
            "TagLink": null,
            "FallbackText": null,
            "TagType": "None",
            "MultibuyData": null
          },
          "IsFooterEnabled": true,
          "Diagnostics": "149",
          "IsBundle": false,
          "IsInFamily": false,
          "ChildProducts": [],
          "UrlOverride": null,
          "AdditionalAttributes": {
            "sapdepartmentname": "GROCERIES",
            "sapdepartmentno": "5",
            "sapcategoryname": "FROZEN MEALS",
            "sapcategoryno": "97",
            "sapsubcategoryname": "FREEZER - MEALS",
            "sapsubcategoryno": "91",
            "sapsegmentname": "FITNESS",
            "sapsegmentno": "15",
            "specialsgroupid": null,
            "PiesProductDepartmentNodeId": "1_ACA2FC2",
            "PiesProductDepartmentsjson": "[{\"Id\":\"1_ACA2FC2\",\"Description\":\"Freezer\"}]",
            "piesdepartmentnamesjson": "[\"Freezer\"]",
            "piescategorynamesjson": "[\"Frozen Meals\"]",
            "piessubcategorynamesjson": "[\"Healthier Frozen Meals\"]",
            "servingsize-total-nip": null,
            "servingsperpack-total-nip": null,
            "microwaveable": "False",
            "ovencook": "False",
            "vegetarian": "False",
            "freezable": "False",
            "containsnuts": "False",
            "containsgluten": "False",
            "description": "Free Range Cashew Chicken and Vegetable Stir-Fry",
            "ingredients": "Free Range Chicken & Vegetable Stir Fry (79%) (Free Range chicken (47%), Crushed Tomato, Onion, Carrot, Capsicum, Tomato Paste, Gluten Free Soy Sauce (Soybean, Rice, Salt), Cashews, Water Chestnut, Ginger, Corn Flour, Herbs, Garlic, Salt, Olive Oil, Chilli, Sesame Oil), Cooked Basmati Rice (21%) (Water, Basmati Rice).",
            "nutritionalinformation": "{\"Name\":\"Nutritional Information\",\"Attributes\":[{\"Id\":705,\"Name\":\"Carbohydrate Quantity Per 100g - Total - NIP\",\"Value\":\"6.3\",\"Description\":\"Carbohydrate Quantity Per 100g - Total - NIP\",\"SortOrder\":83},{\"Id\":706,\"Name\":\"Carbohydrate Quantity Per Serve - Total - NIP\",\"Value\":\"21.9\",\"Description\":\"Carbohydrate Quantity Per Serve - Total - NIP\",\"SortOrder\":87},{\"Id\":759,\"Name\":\"Energy kJ Quantity Per 100g - Total - NIP\",\"Value\":\"95\",\"Description\":\"Energy kJ Quantity Per 100g - Total - NIP\",\"SortOrder\":239},{\"Id\":760,\"Name\":\"Energy kJ Quantity Per Serve - Total - NIP\",\"Value\":\"332\",\"Description\":\"Energy kJ Quantity Per Serve - Total - NIP\",\"SortOrder\":243},{\"Id\":253,\"Name\":\"Fat Saturated Quantity Per 100g - Total - NIP\",\"Value\":\"0.8\",\"Description\":\"Fat Saturated Quantity Per 100g - Total - NIP\",\"SortOrder\":251},{\"Id\":258,\"Name\":\"Fat Saturated Quantity Per Serve - Total - NIP\",\"Value\":\"2.6\",\"Description\":\"Fat Saturated Quantity Per Serve - Total - NIP\",\"SortOrder\":255},{\"Id\":764,\"Name\":\"Fat Total Quantity Per 100g - Total - NIP\",\"Value\":\"3.5\",\"Description\":\"Fat Total Quantity Per 100g - Total - NIP\",\"SortOrder\":263},{\"Id\":264,\"Name\":\"Fat Total Quantity Per Serve - Total - NIP\",\"Value\":\"12.1\",\"Description\":\"Fat Total Quantity Per Serve - Total - NIP\",\"SortOrder\":267},{\"Id\":878,\"Name\":\"Protein Quantity Per 100g - Total - NIP\",\"Value\":\"8.7\",\"Description\":\"Protein Quantity Per 100g - Total - NIP\",\"SortOrder\":587},{\"Id\":882,\"Name\":\"Protein Quantity Per Serve - Total - NIP\",\"Value\":\"30.4\",\"Description\":\"Protein Quantity Per Serve - Total - NIP\",\"SortOrder\":591},{\"Id\":477,\"Name\":\"Serving Size - Total - NIP\",\"Value\":\"350g\",\"Description\":\"Serving Size - Total - NIP\",\"SortOrder\":607},{\"Id\":544,\"Name\":\"Servings Per Pack - Total - NIP\",\"Value\":\"350g\",\"Description\":\"Servings Per Pack - Total - NIP\",\"SortOrder\":611},{\"Id\":491,\"Name\":\"Sodium Quantity Per 100g - Total - NIP\",\"Value\":\"193mg\",\"Description\":\"Sodium Quantity Per 100g - Total - NIP\",\"SortOrder\":623},{\"Id\":495,\"Name\":\"Sodium Quantity Per Serve - Total - NIP\",\"Value\":\"676mg\",\"Description\":\"Sodium Quantity Per Serve - Total - NIP\",\"SortOrder\":627},{\"Id\":909,\"Name\":\"Sugars Quantity Per 100g - Total - NIP\",\"Value\":\"1.8\",\"Description\":\"Sugars Quantity Per 100g - Total - NIP\",\"SortOrder\":647},{\"Id\":912,\"Name\":\"Sugars Quantity Per Serve - Total - NIP\",\"Value\":\"6.4\",\"Description\":\"Sugars Quantity Per Serve - Total - NIP\",\"SortOrder\":651}]}",
            "storageinstructions": null,
            "usageinstructions": null,
            "brand": "fitness outcomes",
            "manufacturer": null,
            "countryoforigin": null,
            "productheightmm": null,
            "productwidthmm": null,
            "productdepthmm": null,
            "wool_productpackaging": null,
            "recyclableinformation": null,
            "importantinformation": null,
            "allergencontains": "Contains Soybean, Tree Nuts, and Sesame Seeds",
            "allergenmaybepresent": null,
            "allergystatement": "No Artificial Preservatives",
            "lifestyleanddietarystatement": "Source of Protein",
            "lifestyleclaim": null,
            "wool_dietaryclaim": "Gluten Free, Dairy Free and Preservative Free, Grass Fed Beef",
            "boxedcontents": null,
            "suitablefor": null,
            "fragrance": null,
            "colour": null,
            "antioxidant": "False",
            "addedvitaminsandminerals": "False",
            "bpafree": "False",
            "sulfatefree": "False",
            "parabenfree": "False",
            "claims": null,
            "alcoholfree": null,
            "anti-dandruff": null,
            "dermatologicallyapproved": null,
            "dermatologistrecommended": null,
            "dermatologisttested": null,
            "fragrance-free": null,
            "haircolour": null,
            "hairtype": null,
            "hypo-allergenic": null,
            "non-comedogenic": null,
            "oilfree": null,
            "ophthalmologistapproved": null,
            "ophthalmologisttested": null,
            "paba-free": null,
            "skincondition": null,
            "skintype": null,
            "soap-free": null,
            "spf": null,
            "sweatresistant": null,
            "timer": null,
            "waterresistant": null,
            "phbalanced": null,
            "antiseptic": "False",
            "antibacterial": "False",
            "activeconstituents": null,
            "contains": null,
            "microwavesafe": "False",
            "productimagecount": "2",
            "friendlydisclaimer": null,
            "productimages": "72676.jpg,72676_1.jpg",
            "healthstarrating": "0",
            "tgawarnings": null,
            "vendorarticleid": null,
            "vendorcostprice": null,
            "tgawarning": null
          },
          "DetailsImagePaths": [
            "https://cdn0.woolworths.media/content/wowproductimages/large/072676.jpg",
            "https://cdn0.woolworths.media/content/wowproductimages/large/072676_1.jpg"
          ],
          "Variety": "vegetable stir fry",
          "Rating": {
            "ReviewCount": 4,
            "RatingCount": 4,
            "RatingSum": 0,
            "OneStarCount": 1,
            "TwoStarCount": 0,
            "ThreeStarCount": 1,
            "FourStarCount": 0,
            "FiveStarCount": 2,
            "Average": 3.5,
            "OneStarPercentage": 25,
            "TwoStarPercentage": 0,
            "ThreeStarPercentage": 25,
            "FourStarPercentage": 0,
            "FiveStarPercentage": 50
          },
          "HasProductSubs": false,
          "IsSponsoredAd": false,
          "AdID": null,
          "AdIndex": null,
          "ThirdPartyProductInfo": null,
          "MarketFeatures": null,
          "MarketSpecifications": null
        }
      ],
      "Name": "Fitness Outcomes Cashew Chicken & Vegetable Stir Fry"
    },
    {
      "Products": [
        {
          "TileID": 0,
          "Stockcode": 73002,
          "Barcode": "9354107000342",
          "GtinFormat": 13,
          "CupPrice": 2.57,
          "InstoreCupPrice": 2.57,
          "CupMeasure": "100G",
          "CupString": "$2.57 / 100G",
          "InstoreCupString": "$2.57 / 100G",
          "HasCupPrice": true,
          "InstoreHasCupPrice": true,
          "Price": 9,
          "InstorePrice": 9,
          "Name": "Fitness Outcomes Portuguese Chicken",
          "UrlFriendlyName": "fitness-outcomes-portuguese-chicken",
          "Description": " Fitness Outcomes Portuguese<br>Chicken  350g",
          "SmallImageFile": "https://cdn0.woolworths.media/content/wowproductimages/small/073002.jpg",
          "MediumImageFile": "https://cdn0.woolworths.media/content/wowproductimages/medium/073002.jpg",
          "LargeImageFile": "https://cdn0.woolworths.media/content/wowproductimages/large/073002.jpg",
          "IsNew": false,
          "IsOnSpecial": true,
          "InstoreIsOnSpecial": true,
          "IsEdrSpecial": false,
          "SavingsAmount": 0,
          "InstoreSavingsAmount": 0,
          "WasPrice": 9,
          "InstoreWasPrice": 9,
          "QuantityInTrolley": 0,
          "Unit": "Each",
          "MinimumQuantity": 1,
          "HasBeenBoughtBefore": false,
          "IsInTrolley": false,
          "Source": "Aisle.Freezer",
          "SupplyLimit": 5,
          "IsRanged": false,
          "IsInStock": true,
          "PackageSize": "350g",
          "IsPmDelivery": true,
          "IsForCollection": true,
          "IsForDelivery": true,
          "IsForExpress": false,
          "ProductRestrictionMessage": null,
          "ProductWarningMessage": null,
          "CentreTag": {
            "TagContent": "<a title=\"2 for 16.00\" href=\"/Shop/OfferGroup/10389657\" ><span style=\"COLOR: #e2001a\">2 for $16.00</span> </a>",
            "TagLink": "",
            "FallbackText": null,
            "TagType": "Html",
            "MultibuyData": {
              "Quantity": 2,
              "Price": 16,
              "CupTag": ""
            }
          },
          "IsCentreTag": true,
          "ImageTag": {
            "TagContent": "/content/promotiontags/online-only-special-green-roundel.png",
            "TagLink": "",
            "FallbackText": "Online Only Offer",
            "TagType": "None",
            "MultibuyData": null
          },
          "HeaderTag": {
            "BackgroundColor": null,
            "BorderColor": null,
            "TextColor": null,
            "Content": null,
            "TagLink": "",
            "Promotion": "None"
          },
          "HasHeaderTag": true,
          "UnitWeightInGrams": 350,
          "SupplyLimitMessage": "'Fitness Outcomes Portuguese Chicken' has a supply limit of 5. The quantity in your cart has been reduced accordingly. To purchase a larger quantity, please contact us on 1800 000 610. Please note we do not supply trade orders.",
          "SmallFormatDescription": "Fitness Outcomes Portuguese Chicken ",
          "FullDescription": "Fitness Outcomes Portuguese Chicken ",
          "IsAvailable": true,
          "InstoreIsAvailable": true,
          "IsPurchasable": true,
          "InstoreIsPurchasable": true,
          "AgeRestricted": false,
          "DisplayQuantity": 1,
          "RichDescription": "Portuguese Free Range Chicken with Sesame, Sweet Potato and Broccoli",
          "IsDeliveryPass": false,
          "HideWasSavedPrice": false,
          "SapCategories": null,
          "Brand": "Fitness Outcomes",
          "IsRestrictedByDeliveryMethod": false,
          "FooterTag": {
            "TagContent": null,
            "TagLink": null,
            "FallbackText": null,
            "TagType": "None",
            "MultibuyData": null
          },
          "IsFooterEnabled": true,
          "Diagnostics": "150",
          "IsBundle": false,
          "IsInFamily": false,
          "ChildProducts": [],
          "UrlOverride": null,
          "AdditionalAttributes": {
            "sapdepartmentname": "GROCERIES",
            "sapdepartmentno": "5",
            "sapcategoryname": "FROZEN MEALS",
            "sapcategoryno": "97",
            "sapsubcategoryname": "FREEZER - MEALS",
            "sapsubcategoryno": "91",
            "sapsegmentname": "FITNESS",
            "sapsegmentno": "15",
            "specialsgroupid": "1670",
            "PiesProductDepartmentNodeId": "1_ACA2FC2",
            "PiesProductDepartmentsjson": "[{\"Id\":\"1_ACA2FC2\",\"Description\":\"Freezer\"}]",
            "piesdepartmentnamesjson": "[\"Freezer\"]",
            "piescategorynamesjson": "[\"Frozen Meals\"]",
            "piessubcategorynamesjson": "[\"Healthier Frozen Meals\"]",
            "servingsize-total-nip": null,
            "servingsperpack-total-nip": null,
            "microwaveable": "False",
            "ovencook": "False",
            "vegetarian": "False",
            "freezable": "False",
            "containsnuts": "False",
            "containsgluten": "False",
            "description": "Portuguese Free Range Chicken with Sesame, Sweet Potato and Broccoli",
            "ingredients": "Free Range Skinless Chicken Breast (50%) (Free Range Skinless Chicken Breast (86%), Lemon Juice, Olive Oil, Sugar, Garlic, Sesame Seeds, Spices, Chilli, Salt, Herbs), Sesame Sweet Potato (35%) (S",
            "nutritionalinformation": "{\"Name\":\"Nutritional Information\",\"Attributes\":[{\"Id\":705,\"Name\":\"Carbohydrate Quantity Per 100g - Total - NIP\",\"Value\":\"7.9g\",\"Description\":\"Carbohydrate Quantity Per 100g - Total - NIP\",\"SortOrder\":83},{\"Id\":706,\"Name\":\"Carbohydrate Quantity Per Serve - Total - NIP\",\"Value\":\"27.6g\",\"Description\":\"Carbohydrate Quantity Per Serve - Total - NIP\",\"SortOrder\":87},{\"Id\":759,\"Name\":\"Energy kJ Quantity Per 100g - Total - NIP\",\"Value\":\"434kJ\",\"Description\":\"Energy kJ Quantity Per 100g - Total - NIP\",\"SortOrder\":239},{\"Id\":760,\"Name\":\"Energy kJ Quantity Per Serve - Total - NIP\",\"Value\":\"1520kJ\",\"Description\":\"Energy kJ Quantity Per Serve - Total - NIP\",\"SortOrder\":243},{\"Id\":253,\"Name\":\"Fat Saturated Quantity Per 100g - Total - NIP\",\"Value\":\"0.02g\",\"Description\":\"Fat Saturated Quantity Per 100g - Total - NIP\",\"SortOrder\":251},{\"Id\":258,\"Name\":\"Fat Saturated Quantity Per Serve - Total - NIP\",\"Value\":\"0.06g\",\"Description\":\"Fat Saturated Quantity Per Serve - Total - NIP\",\"SortOrder\":255},{\"Id\":764,\"Name\":\"Fat Total Quantity Per 100g - Total - NIP\",\"Value\":\"2.3g\",\"Description\":\"Fat Total Quantity Per 100g - Total - NIP\",\"SortOrder\":263},{\"Id\":264,\"Name\":\"Fat Total Quantity Per Serve - Total - NIP\",\"Value\":\"8.1g\",\"Description\":\"Fat Total Quantity Per Serve - Total - NIP\",\"SortOrder\":267},{\"Id\":878,\"Name\":\"Protein Quantity Per 100g - Total - NIP\",\"Value\":\"12.6g\",\"Description\":\"Protein Quantity Per 100g - Total - NIP\",\"SortOrder\":587},{\"Id\":882,\"Name\":\"Protein Quantity Per Serve - Total - NIP\",\"Value\":\"44.1g\",\"Description\":\"Protein Quantity Per Serve - Total - NIP\",\"SortOrder\":591},{\"Id\":477,\"Name\":\"Serving Size - Total - NIP\",\"Value\":\"350g\",\"Description\":\"Serving Size - Total - NIP\",\"SortOrder\":607},{\"Id\":544,\"Name\":\"Servings Per Pack - Total - NIP\",\"Value\":\"350g\",\"Description\":\"Servings Per Pack - Total - NIP\",\"SortOrder\":611},{\"Id\":491,\"Name\":\"Sodium Quantity Per 100g - Total - NIP\",\"Value\":\"140mg\",\"Description\":\"Sodium Quantity Per 100g - Total - NIP\",\"SortOrder\":623},{\"Id\":495,\"Name\":\"Sodium Quantity Per Serve - Total - NIP\",\"Value\":\"489mg\",\"Description\":\"Sodium Quantity Per Serve - Total - NIP\",\"SortOrder\":627},{\"Id\":909,\"Name\":\"Sugars Quantity Per 100g - Total - NIP\",\"Value\":\"3.7g\",\"Description\":\"Sugars Quantity Per 100g - Total - NIP\",\"SortOrder\":647},{\"Id\":912,\"Name\":\"Sugars Quantity Per Serve - Total - NIP\",\"Value\":\"12.9g\",\"Description\":\"Sugars Quantity Per Serve - Total - NIP\",\"SortOrder\":651}]}",
            "storageinstructions": null,
            "usageinstructions": null,
            "brand": "fitness outcomes",
            "manufacturer": null,
            "countryoforigin": null,
            "productheightmm": null,
            "productwidthmm": null,
            "productdepthmm": null,
            "wool_productpackaging": null,
            "recyclableinformation": null,
            "importantinformation": null,
            "allergencontains": "Sesame Seed",
            "allergenmaybepresent": null,
            "allergystatement": "No Artificial Preservatives",
            "lifestyleanddietarystatement": "Source of Protein",
            "lifestyleclaim": "High Protien Meal",
            "wool_dietaryclaim": "Gluten Free, Dairy Free and Preservative Free",
            "boxedcontents": null,
            "suitablefor": null,
            "fragrance": null,
            "colour": null,
            "antioxidant": "False",
            "addedvitaminsandminerals": "False",
            "bpafree": "False",
            "sulfatefree": "False",
            "parabenfree": "False",
            "claims": null,
            "alcoholfree": null,
            "anti-dandruff": null,
            "dermatologicallyapproved": null,
            "dermatologistrecommended": null,
            "dermatologisttested": null,
            "fragrance-free": null,
            "haircolour": null,
            "hairtype": null,
            "hypo-allergenic": null,
            "non-comedogenic": null,
            "oilfree": null,
            "ophthalmologistapproved": null,
            "ophthalmologisttested": null,
            "paba-free": null,
            "skincondition": null,
            "skintype": null,
            "soap-free": null,
            "spf": null,
            "sweatresistant": null,
            "timer": null,
            "waterresistant": null,
            "phbalanced": null,
            "antiseptic": "False",
            "antibacterial": "False",
            "activeconstituents": null,
            "contains": null,
            "microwavesafe": "False",
            "productimagecount": "2",
            "friendlydisclaimer": null,
            "productimages": "73002.jpg,73002_1.jpg",
            "healthstarrating": "0",
            "tgawarnings": null,
            "vendorarticleid": null,
            "vendorcostprice": null,
            "tgawarning": null,
            "PiesProductB2bDepartmentNodeId": null,
            "PiesProductB2bDepartmentsjson": "[]",
            "piesb2bdepartmentnamesjson": "[]",
            "piesb2bcategorynamesjson": "[]",
            "piesb2bsubcategorynamesjson": "[]"
          },
          "DetailsImagePaths": [
            "https://cdn0.woolworths.media/content/wowproductimages/large/073002.jpg",
            "https://cdn0.woolworths.media/content/wowproductimages/large/073002_1.jpg"
          ],
          "Variety": "",
          "Rating": null,
          "HasProductSubs": false,
          "IsSponsoredAd": false,
          "AdID": null,
          "AdIndex": null,
          "ThirdPartyProductInfo": null,
          "MarketFeatures": null,
          "MarketSpecifications": null
        }
      ],
      "Name": "Fitness Outcomes Portuguese Chicken"
    },
    {
      "Products": [
        {
          "TileID": 0,
          "Stockcode": 74998,
          "Barcode": "76840002665",
          "GtinFormat": 0,
          "CupPrice": 1.97,
          "InstoreCupPrice": 1.97,
          "CupMeasure": "100ML",
          "CupString": "$1.97 / 100ML",
          "InstoreCupString": "$1.97 / 100ML",
          "HasCupPrice": true,
          "InstoreHasCupPrice": true,
          "Price": 9,
          "InstorePrice": 9,
          "Name": "Ben & Jerry's Netflix & Chill'd Ice Cream Tub",
          "UrlFriendlyName": "ben-jerry-s-netflix-chill-d-ice-cream-tub",
          "Description": " Ben & Jerry's Netflix &<br>Chill'd Ice Cream... 458ml",
          "SmallImageFile": "https://cdn0.woolworths.media/content/wowproductimages/small/074998.jpg",
          "MediumImageFile": "https://cdn0.woolworths.media/content/wowproductimages/medium/074998.jpg",
          "LargeImageFile": "https://cdn0.woolworths.media/content/wowproductimages/large/074998.jpg",
          "IsNew": false,
          "IsOnSpecial": true,
          "InstoreIsOnSpecial": true,
          "IsEdrSpecial": false,
          "SavingsAmount": 3,
          "InstoreSavingsAmount": 3,
          "WasPrice": 12,
          "InstoreWasPrice": 12,
          "QuantityInTrolley": 0,
          "Unit": "Each",
          "MinimumQuantity": 1,
          "HasBeenBoughtBefore": false,
          "IsInTrolley": false,
          "Source": "Aisle.Freezer",
          "SupplyLimit": 36,
          "IsRanged": false,
          "IsInStock": true,
          "PackageSize": "458ml",
          "IsPmDelivery": true,
          "IsForCollection": true,
          "IsForDelivery": true,
          "IsForExpress": false,
          "ProductRestrictionMessage": null,
          "ProductWarningMessage": null,
          "CentreTag": {
            "TagContent": null,
            "TagLink": null,
            "FallbackText": null,
            "TagType": "None",
            "MultibuyData": null
          },
          "IsCentreTag": false,
          "ImageTag": {
            "TagContent": "/content/promotiontags/roundel-special-200x200.png",
            "TagLink": "",
            "FallbackText": "On Special",
            "TagType": "None",
            "MultibuyData": null
          },
          "HeaderTag": {
            "BackgroundColor": "#fd0",
            "BorderColor": "#fd0",
            "TextColor": "#000",
            "Content": "Save $3.00",
            "TagLink": null,
            "Promotion": "Special"
          },
          "HasHeaderTag": true,
          "UnitWeightInGrams": 449,
          "SupplyLimitMessage": "'Ben & Jerry's Netflix & Chill'd Ice Cream Tub' has a supply limit of 36. The quantity in your cart has been reduced accordingly. To purchase a larger quantity, please contact us on 1800 000 610. Please note we do not supply trade orders.",
          "SmallFormatDescription": "Ben & Jerry's Netflix & Chill'd Ice Cream Tub",
          "FullDescription": "Ben & Jerry's Netflix & Chill'd Ice Cream Tub",
          "IsAvailable": true,
          "InstoreIsAvailable": true,
          "IsPurchasable": true,
          "InstoreIsPurchasable": true,
          "AgeRestricted": false,
          "DisplayQuantity": 1,
          "RichDescription": "Ben & Jerrys Ice Cream Netflix & Chilll'd 458 ML<BR><BR>Weve teamed up with Netflix to churn up something extra special! And just like your Netflix queue, theres something in this pint for everyone. Our Netflix & Chilll'd ice cream tub is full of Peanut butter ice cream with sweet & salty pretzel swirls and delicious fudge brownies!<br/><br/>When you pop open a pint of Netflix & Chillld icecream, your flavour adventure begins. Whether youre streaming a laugh-out-loud comedy, an edge-of-your-seat drama, or a hey-I-didnt-know-that documentary, its not complete without a tasty treat and a few of your favourite friends. And with the perfect balance of sweet, salty, and fudgy, Netflix & Chillld is the ideal flavour accompaniment for all your favourite Netflix shows. Follow the sweet and salty pretzel swirls like you follow the plot twists of your favourite drama, or dig out a fudge brownie every time you laugh out loud at that new comedy special. Netflix & Chillld icecream is every frozen dessert lovers dream! With a spoon and your remote in hand, go forth and chillax, flavour warrior.<br/><br/>Netflix & Chillld is made with Fairtrade Certified sugar & vanilla and eggs from free-range hens. It all comes packaged in responsibly sourced packaging, now thats something you can feel extra good about!<BR><BR>Ben & Jerry's Netflix & Chilll'd ice cream tub<BR><BR>Peanut butter ice cream with sweet & salty pretzel swirls and fudge brownies.<BR><BR>Includes Fairtrade certified cocoa, sugar, and vanilla<BR><BR>All of Ben & Jerrys ice cream is made with cage-free eggs.<BR><BR>Kosher certified dairy; Halal Certified<BR><BR>Ben & Jerrys uses responsibly sourced packaging.",
          "IsDeliveryPass": false,
          "HideWasSavedPrice": false,
          "SapCategories": null,
          "Brand": "ben & jerry's",
          "IsRestrictedByDeliveryMethod": false,
          "FooterTag": {
            "TagContent": null,
            "TagLink": null,
            "FallbackText": null,
            "TagType": "None",
            "MultibuyData": null
          },
          "IsFooterEnabled": true,
          "Diagnostics": "151",
          "IsBundle": false,
          "IsInFamily": false,
          "ChildProducts": [],
          "UrlOverride": null,
          "AdditionalAttributes": {
            "sapdepartmentname": "GROCERIES",
            "sapdepartmentno": "5",
            "sapcategoryname": "ICE CREAM",
            "sapcategoryno": "94",
            "sapsubcategoryname": "FREEZER - ICE CREAM TAKE HOME",
            "sapsubcategoryno": "107",
            "sapsegmentname": "SUPER PREMIUM BELOW 500ML",
            "sapsegmentno": "12",
            "specialsgroupid": null,
            "PiesProductDepartmentNodeId": "1_ACA2FC2",
            "PiesProductDepartmentsjson": "[{\"Id\":\"1_ACA2FC2\",\"Description\":\"Freezer\"}]",
            "piesdepartmentnamesjson": "[\"Freezer\"]",
            "piescategorynamesjson": "[\"Ice Cream\"]",
            "piessubcategorynamesjson": "[\"Premium Ice Cream\"]",
            "servingsize-total-nip": null,
            "servingsperpack-total-nip": null,
            "microwaveable": "False",
            "ovencook": "False",
            "vegetarian": "False",
            "freezable": "False",
            "containsnuts": "False",
            "containsgluten": "False",
            "description": "Ben & Jerrys Ice Cream Netflix & Chilll'd 458 ML<BR><BR>Weve teamed up with Netflix to churn up something extra special! And just like your Netflix queue, theres something in this pint for everyone. Our Netflix & Chilll'd ice cream tub is full of Peanut butter ice cream with sweet & salty pretzel swirls and delicious fudge brownies!<br/><br/>When you pop open a pint of Netflix & Chillld icecream, your flavour adventure begins. Whether youre streaming a laugh-out-loud comedy, an edge-of-your-seat drama, or a hey-I-didnt-know-that documentary, its not complete without a tasty treat and a few of your favourite friends. And with the perfect balance of sweet, salty, and fudgy, Netflix & Chillld is the ideal flavour accompaniment for all your favourite Netflix shows. Follow the sweet and salty pretzel swirls like you follow the plot twists of your favourite drama, or dig out a fudge brownie every time you laugh out loud at that new comedy special. Netflix & Chillld icecream is every frozen dessert lovers dream! With a spoon and your remote in hand, go forth and chillax, flavour warrior.<br/><br/>Netflix & Chillld is made with Fairtrade Certified sugar & vanilla and eggs from free-range hens. It all comes packaged in responsibly sourced packaging, now thats something you can feel extra good about!<BR><BR>Ben & Jerry's Netflix & Chilll'd ice cream tub<BR><BR>Peanut butter ice cream with sweet & salty pretzel swirls and fudge brownies.<BR><BR>Includes Fairtrade certified cocoa, sugar, and vanilla<BR><BR>All of Ben & Jerrys ice cream is made with cage-free eggs.<BR><BR>Kosher certified dairy; Halal Certified<BR><BR>Ben & Jerrys uses responsibly sourced packaging.",
            "ingredients": null,
            "nutritionalinformation": null,
            "storageinstructions": null,
            "usageinstructions": null,
            "brand": "ben & jerry's",
            "manufacturer": null,
            "countryoforigin": null,
            "productheightmm": null,
            "productwidthmm": null,
            "productdepthmm": null,
            "wool_productpackaging": null,
            "recyclableinformation": null,
            "importantinformation": null,
            "allergencontains": null,
            "allergenmaybepresent": null,
            "allergystatement": null,
            "lifestyleanddietarystatement": "Kosher",
            "lifestyleclaim": null,
            "wool_dietaryclaim": null,
            "boxedcontents": null,
            "suitablefor": null,
            "fragrance": null,
            "colour": null,
            "antioxidant": "False",
            "addedvitaminsandminerals": "False",
            "bpafree": "False",
            "sulfatefree": "False",
            "parabenfree": "False",
            "claims": null,
            "alcoholfree": null,
            "anti-dandruff": null,
            "dermatologicallyapproved": null,
            "dermatologistrecommended": null,
            "dermatologisttested": null,
            "fragrance-free": null,
            "haircolour": null,
            "hairtype": null,
            "hypo-allergenic": null,
            "non-comedogenic": null,
            "oilfree": null,
            "ophthalmologistapproved": null,
            "ophthalmologisttested": null,
            "paba-free": null,
            "skincondition": null,
            "skintype": null,
            "soap-free": null,
            "spf": null,
            "sweatresistant": null,
            "timer": null,
            "waterresistant": null,
            "phbalanced": null,
            "antiseptic": "False",
            "antibacterial": "False",
            "activeconstituents": null,
            "contains": null,
            "microwavesafe": "False",
            "productimagecount": "5",
            "friendlydisclaimer": null,
            "productimages": "74998.jpg,74998_2.jpg,74998_3.jpg,74998_9.jpg,74998_10.jpg",
            "healthstarrating": "0",
            "tgawarnings": null,
            "vendorarticleid": null,
            "vendorcostprice": null,
            "tgawarning": null
          },
          "DetailsImagePaths": [
            "https://cdn0.woolworths.media/content/wowproductimages/large/074998.jpg",
            "https://cdn0.woolworths.media/content/wowproductimages/large/074998_10.jpg",
            "https://cdn0.woolworths.media/content/wowproductimages/large/074998_2.jpg",
            "https://cdn0.woolworths.media/content/wowproductimages/large/074998_3.jpg",
            "https://cdn0.woolworths.media/content/wowproductimages/large/074998_9.jpg"
          ],
          "Variety": "tub",
          "Rating": {
            "ReviewCount": 11,
            "RatingCount": 11,
            "RatingSum": 0,
            "OneStarCount": 0,
            "TwoStarCount": 0,
            "ThreeStarCount": 3,
            "FourStarCount": 4,
            "FiveStarCount": 4,
            "Average": 4.09090909090909,
            "OneStarPercentage": 0,
            "TwoStarPercentage": 0,
            "ThreeStarPercentage": 27.2727272727273,
            "FourStarPercentage": 36.3636363636364,
            "FiveStarPercentage": 36.3636363636364
          },
          "HasProductSubs": false,
          "IsSponsoredAd": false,
          "AdID": null,
          "AdIndex": null,
          "ThirdPartyProductInfo": null,
          "MarketFeatures": null,
          "MarketSpecifications": null
        }
      ],
      "Name": "Ben & Jerry's Netflix & Chill'd Ice Cream Tub"
    },
    {
      "Products": [
        {
          "TileID": 0,
          "Stockcode": 77842,
          "Barcode": "76840002474",
          "GtinFormat": 0,
          "CupPrice": 1.97,
          "InstoreCupPrice": 1.97,
          "CupMeasure": "100ML",
          "CupString": "$1.97 / 100ML",
          "InstoreCupString": "$1.97 / 100ML",
          "HasCupPrice": true,
          "InstoreHasCupPrice": true,
          "Price": 9,
          "InstorePrice": 9,
          "Name": "Ben & Jerry's Non Dairy Choc Chip Cookie Dough Ice Cream",
          "UrlFriendlyName": "ben-jerry-s-non-dairy-choc-chip-cookie-dough-ice-cream",
          "Description": " Ben & Jerry's Non Dairy Choc<br>Chip Cookie Dough... 458ml",
          "SmallImageFile": "https://cdn0.woolworths.media/content/wowproductimages/small/077842.jpg",
          "MediumImageFile": "https://cdn0.woolworths.media/content/wowproductimages/medium/077842.jpg",
          "LargeImageFile": "https://cdn0.woolworths.media/content/wowproductimages/large/077842.jpg",
          "IsNew": false,
          "IsOnSpecial": true,
          "InstoreIsOnSpecial": true,
          "IsEdrSpecial": false,
          "SavingsAmount": 3,
          "InstoreSavingsAmount": 3,
          "WasPrice": 12,
          "InstoreWasPrice": 12,
          "QuantityInTrolley": 0,
          "Unit": "Each",
          "MinimumQuantity": 1,
          "HasBeenBoughtBefore": false,
          "IsInTrolley": false,
          "Source": "Aisle.Freezer",
          "SupplyLimit": 36,
          "IsRanged": false,
          "IsInStock": true,
          "PackageSize": "458ml",
          "IsPmDelivery": true,
          "IsForCollection": true,
          "IsForDelivery": true,
          "IsForExpress": false,
          "ProductRestrictionMessage": null,
          "ProductWarningMessage": null,
          "CentreTag": {
            "TagContent": null,
            "TagLink": null,
            "FallbackText": null,
            "TagType": "None",
            "MultibuyData": null
          },
          "IsCentreTag": false,
          "ImageTag": {
            "TagContent": "/content/promotiontags/roundel-special-200x200.png",
            "TagLink": "",
            "FallbackText": "On Special",
            "TagType": "None",
            "MultibuyData": null
          },
          "HeaderTag": {
            "BackgroundColor": "#fd0",
            "BorderColor": "#fd0",
            "TextColor": "#000",
            "Content": "Save $3.00",
            "TagLink": null,
            "Promotion": "Special"
          },
          "HasHeaderTag": true,
          "UnitWeightInGrams": 449,
          "SupplyLimitMessage": "'Ben & Jerry's Non Dairy Choc Chip Cookie Dough Ice Cream' has a supply limit of 36. The quantity in your cart has been reduced accordingly. To purchase a larger quantity, please contact us on 1800 000 610. Please note we do not supply trade orders.",
          "SmallFormatDescription": "Ben & Jerry's Non Dairy Choc Chip Cookie Dough Ice Cream",
          "FullDescription": "Ben & Jerry's Non Dairy Choc Chip Cookie Dough Ice Cream",
          "IsAvailable": true,
          "InstoreIsAvailable": true,
          "IsPurchasable": true,
          "InstoreIsPurchasable": true,
          "AgeRestricted": false,
          "DisplayQuantity": 1,
          "RichDescription": "Ben & Jerrys Non-Dairy Frozen Dessert Chocolate Chip Cookie Dough 458 ML<BR><BR>Youve always wanted to taste the legend without the dairy, & now that our classic choc-chip-cookie-dough-loaded concoction is also a Non-Dairy ice cream flavour, you can! <br/><br/>Chocolate Chip Cookie Dough has been making people happy ever since 1984, when fans came from all over to our Burlington, VT, Scoop Shop for a taste. Then, when we started selling it in pints, the happiness grew and grew, and it became one of the most popular flavours in Ben & Jerrys dessert history. Well, were dough-lighted to announce that our Non Dairy Cookie Dough is ready to bring a bunch of new smiles to a bunch of new faces. Our Flavour Gurus are always thinking of ways to make life more fun and delicious, and theyve outdone themselves this time. They reimagined a treasured fan favourite, ensuring that this classic dough-loaded concoction will make even more people happy. Our Chocolate Chip Cookie Dough Non-Dairy Ice Cream Tub has a smooth base of non-dairy vanilla ice cream with gobs of Chocolate Chip Cookie Dough mixed with delicious fudge flakes for a flavour explosion that truly has it all. Plus, its all 100% vegan and packed to the lid with euphoric goodness, all without a lick of dairy.<br/><br/>Our dairy-less icecream is made with almond milk and comes in responsibly-sourced packaging. Its made with Fairtrade Certified sugar, cocoa, and vanilla, so you can feel extra good about every dairy free scoop! Ready... set... dough!<BR><BR>Ben & Jerry's Chocolate Chip Cookie Dough Non-Dairy Frozen Dessert<BR><BR>Vanilla with Gobs of Chocolate Chip Cookie Dough & Fudge Flakes<BR><BR>Ben & Jerry's uses Fairtrade certified sugar, cocoa, & vanilla<BR><BR>Ben & Jerry's Non-Dairy flavour creations are made with almond milk.<BR><BR>Ben & Jerry's is Kosher certified & Vegan<BR><BR>Ben & Jerrys uses responsibly sourced packaging.",
          "IsDeliveryPass": false,
          "HideWasSavedPrice": false,
          "SapCategories": null,
          "Brand": "ben & jerry's",
          "IsRestrictedByDeliveryMethod": false,
          "FooterTag": {
            "TagContent": null,
            "TagLink": null,
            "FallbackText": null,
            "TagType": "None",
            "MultibuyData": null
          },
          "IsFooterEnabled": true,
          "Diagnostics": "152",
          "IsBundle": false,
          "IsInFamily": false,
          "ChildProducts": [],
          "UrlOverride": null,
          "AdditionalAttributes": {
            "sapdepartmentname": "GROCERIES",
            "sapdepartmentno": "5",
            "sapcategoryname": "ICE CREAM",
            "sapcategoryno": "94",
            "sapsubcategoryname": "FREEZER - ICE CREAM TAKE HOME",
            "sapsubcategoryno": "107",
            "sapsegmentname": "SUPER PREMIUM BELOW 500ML",
            "sapsegmentno": "12",
            "specialsgroupid": null,
            "PiesProductDepartmentNodeId": "1_ACA2FC2",
            "PiesProductDepartmentsjson": "[{\"Id\":\"1_ACA2FC2\",\"Description\":\"Freezer\"}]",
            "piesdepartmentnamesjson": "[\"Freezer\"]",
            "piescategorynamesjson": "[\"Ice Cream\"]",
            "piessubcategorynamesjson": "[\"Premium Ice Cream\"]",
            "servingsize-total-nip": null,
            "servingsperpack-total-nip": null,
            "microwaveable": "False",
            "ovencook": "False",
            "vegetarian": "False",
            "freezable": "False",
            "containsnuts": "False",
            "containsgluten": "False",
            "description": "Ben & Jerrys Non-Dairy Frozen Dessert Chocolate Chip Cookie Dough 458 ML<BR><BR>Youve always wanted to taste the legend without the dairy, & now that our classic choc-chip-cookie-dough-loaded concoction is also a Non-Dairy ice cream flavour, you can! <br/><br/>Chocolate Chip Cookie Dough has been making people happy ever since 1984, when fans came from all over to our Burlington, VT, Scoop Shop for a taste. Then, when we started selling it in pints, the happiness grew and grew, and it became one of the most popular flavours in Ben & Jerrys dessert history. Well, were dough-lighted to announce that our Non Dairy Cookie Dough is ready to bring a bunch of new smiles to a bunch of new faces. Our Flavour Gurus are always thinking of ways to make life more fun and delicious, and theyve outdone themselves this time. They reimagined a treasured fan favourite, ensuring that this classic dough-loaded concoction will make even more people happy. Our Chocolate Chip Cookie Dough Non-Dairy Ice Cream Tub has a smooth base of non-dairy vanilla ice cream with gobs of Chocolate Chip Cookie Dough mixed with delicious fudge flakes for a flavour explosion that truly has it all. Plus, its all 100% vegan and packed to the lid with euphoric goodness, all without a lick of dairy.<br/><br/>Our dairy-less icecream is made with almond milk and comes in responsibly-sourced packaging. Its made with Fairtrade Certified sugar, cocoa, and vanilla, so you can feel extra good about every dairy free scoop! Ready... set... dough!<BR><BR>Ben & Jerry's Chocolate Chip Cookie Dough Non-Dairy Frozen Dessert<BR><BR>Vanilla with Gobs of Chocolate Chip Cookie Dough & Fudge Flakes<BR><BR>Ben & Jerry's uses Fairtrade certified sugar, cocoa, & vanilla<BR><BR>Ben & Jerry's Non-Dairy flavour creations are made with almond milk.<BR><BR>Ben & Jerry's is Kosher certified & Vegan<BR><BR>Ben & Jerrys uses responsibly sourced packaging.",
            "ingredients": null,
            "nutritionalinformation": null,
            "storageinstructions": null,
            "usageinstructions": null,
            "brand": "ben & jerry's",
            "manufacturer": null,
            "countryoforigin": null,
            "productheightmm": null,
            "productwidthmm": null,
            "productdepthmm": null,
            "wool_productpackaging": null,
            "recyclableinformation": null,
            "importantinformation": null,
            "allergencontains": null,
            "allergenmaybepresent": null,
            "allergystatement": "Dairy Free",
            "lifestyleanddietarystatement": "Vegan",
            "lifestyleclaim": null,
            "wool_dietaryclaim": null,
            "boxedcontents": null,
            "suitablefor": null,
            "fragrance": null,
            "colour": null,
            "antioxidant": "False",
            "addedvitaminsandminerals": "False",
            "bpafree": "False",
            "sulfatefree": "False",
            "parabenfree": "False",
            "claims": null,
            "alcoholfree": null,
            "anti-dandruff": null,
            "dermatologicallyapproved": null,
            "dermatologistrecommended": null,
            "dermatologisttested": null,
            "fragrance-free": null,
            "haircolour": null,
            "hairtype": null,
            "hypo-allergenic": null,
            "non-comedogenic": null,
            "oilfree": null,
            "ophthalmologistapproved": null,
            "ophthalmologisttested": null,
            "paba-free": null,
            "skincondition": null,
            "skintype": null,
            "soap-free": null,
            "spf": null,
            "sweatresistant": null,
            "timer": null,
            "waterresistant": null,
            "phbalanced": null,
            "antiseptic": "False",
            "antibacterial": "False",
            "activeconstituents": null,
            "contains": null,
            "microwavesafe": "False",
            "productimagecount": "5",
            "friendlydisclaimer": null,
            "productimages": "77842.jpg,77842_2.jpg,77842_6.jpg,77842_8.jpg,77842_9.jpg",
            "healthstarrating": "0",
            "tgawarnings": null,
            "vendorarticleid": null,
            "vendorcostprice": null,
            "tgawarning": null
          },
          "DetailsImagePaths": [
            "https://cdn0.woolworths.media/content/wowproductimages/large/077842.jpg",
            "https://cdn0.woolworths.media/content/wowproductimages/large/077842_2.jpg",
            "https://cdn0.woolworths.media/content/wowproductimages/large/077842_6.jpg",
            "https://cdn0.woolworths.media/content/wowproductimages/large/077842_8.jpg",
            "https://cdn0.woolworths.media/content/wowproductimages/large/077842_9.jpg"
          ],
          "Variety": "dough ice cream",
          "Rating": {
            "ReviewCount": 9,
            "RatingCount": 9,
            "RatingSum": 0,
            "OneStarCount": 1,
            "TwoStarCount": 0,
            "ThreeStarCount": 2,
            "FourStarCount": 1,
            "FiveStarCount": 5,
            "Average": 4,
            "OneStarPercentage": 11.1111111111111,
            "TwoStarPercentage": 0,
            "ThreeStarPercentage": 22.2222222222222,
            "FourStarPercentage": 11.1111111111111,
            "FiveStarPercentage": 55.5555555555556
          },
          "HasProductSubs": false,
          "IsSponsoredAd": false,
          "AdID": null,
          "AdIndex": null,
          "ThirdPartyProductInfo": null,
          "MarketFeatures": null,
          "MarketSpecifications": null
        }
      ],
      "Name": "Ben & Jerry's Non Dairy Choc Chip Cookie Dough Ice Cream"
    },
    {
      "Products": [
        {
          "TileID": 0,
          "Stockcode": 85804,
          "Barcode": "9310037097685",
          "GtinFormat": 13,
          "CupPrice": 22.5,
          "InstoreCupPrice": 22.5,
          "CupMeasure": "1KG",
          "CupString": "$22.50 / 1KG",
          "InstoreCupString": "$22.50 / 1KG",
          "HasCupPrice": true,
          "InstoreHasCupPrice": true,
          "Price": 9,
          "InstorePrice": 9,
          "Name": "Ingham's Chicken Breast Schnitzel",
          "UrlFriendlyName": "ingham-s-chicken-breast-schnitzel",
          "Description": " Ingham's Chicken Breast<br>Schnitzel 400g",
          "SmallImageFile": "https://cdn0.woolworths.media/content/wowproductimages/small/085804.jpg",
          "MediumImageFile": "https://cdn0.woolworths.media/content/wowproductimages/medium/085804.jpg",
          "LargeImageFile": "https://cdn0.woolworths.media/content/wowproductimages/large/085804.jpg",
          "IsNew": false,
          "IsOnSpecial": false,
          "InstoreIsOnSpecial": false,
          "IsEdrSpecial": false,
          "SavingsAmount": 0,
          "InstoreSavingsAmount": 0,
          "WasPrice": 9,
          "InstoreWasPrice": 9,
          "QuantityInTrolley": 0,
          "Unit": "Each",
          "MinimumQuantity": 1,
          "HasBeenBoughtBefore": false,
          "IsInTrolley": false,
          "Source": "Aisle.Freezer",
          "SupplyLimit": 36,
          "IsRanged": false,
          "IsInStock": true,
          "PackageSize": "400g",
          "IsPmDelivery": true,
          "IsForCollection": true,
          "IsForDelivery": true,
          "IsForExpress": false,
          "ProductRestrictionMessage": null,
          "ProductWarningMessage": null,
          "CentreTag": {
            "TagContent": null,
            "TagLink": null,
            "FallbackText": null,
            "TagType": "None",
            "MultibuyData": null
          },
          "IsCentreTag": false,
          "ImageTag": {
            "TagContent": null,
            "TagLink": null,
            "FallbackText": "",
            "TagType": "None",
            "MultibuyData": null
          },
          "HeaderTag": null,
          "HasHeaderTag": false,
          "UnitWeightInGrams": 400,
          "SupplyLimitMessage": "'Ingham's Chicken Breast Schnitzel' has a supply limit of 36. The quantity in your cart has been reduced accordingly. To purchase a larger quantity, please contact us on 1800 000 610. Please note we do not supply trade orders.",
          "SmallFormatDescription": "Ingham's Chicken Breast Schnitzel",
          "FullDescription": "Ingham's Chicken Breast Schnitzel",
          "IsAvailable": true,
          "InstoreIsAvailable": true,
          "IsPurchasable": true,
          "InstoreIsPurchasable": true,
          "AgeRestricted": false,
          "DisplayQuantity": 1,
          "RichDescription": "<p>Australian chicken breast meat, chopped and shaped into schnitzels and delicately coated in a delicious golden crumb. </p><p><br/></p> <p>Ingham's is dedicated to providing the best quality chicken that is at the heart of your table. Ingham's is passionate about the quality and health of their chickens, providing great tasting food and sharing meals with family and friends.<br/> <br/>Generations of families have grown up enjoying Ingham's, united at the heart of the table by great meals. Tables are where we connect, talk and share our lives with the people that matter most to us.<br/> <br/>Ingham's, Love 'em.</p><p> No added hormones</p><p> 100% Australian chicken</p><p> Good source of protein</p>",
          "IsDeliveryPass": false,
          "HideWasSavedPrice": false,
          "SapCategories": null,
          "Brand": "ingham's",
          "IsRestrictedByDeliveryMethod": false,
          "FooterTag": {
            "TagContent": null,
            "TagLink": null,
            "FallbackText": null,
            "TagType": "None",
            "MultibuyData": null
          },
          "IsFooterEnabled": true,
          "Diagnostics": "153",
          "IsBundle": false,
          "IsInFamily": false,
          "ChildProducts": [],
          "UrlOverride": null,
          "AdditionalAttributes": {
            "sapdepartmentname": "GROCERIES",
            "sapdepartmentno": "5",
            "sapcategoryname": "FREEZER - POULTRY",
            "sapcategoryno": "99",
            "sapsubcategoryname": "FREEZER - POULTRY",
            "sapsubcategoryno": "145",
            "sapsegmentname": "FROZEN PROC POULTRY - MEALS",
            "sapsegmentno": "8",
            "specialsgroupid": null,
            "PiesProductDepartmentNodeId": "1_ACA2FC2",
            "PiesProductDepartmentsjson": "[{\"Id\":\"1_ACA2FC2\",\"Description\":\"Freezer\"}]",
            "piesdepartmentnamesjson": "[\"Freezer\"]",
            "piescategorynamesjson": "[\"Frozen Meat\"]",
            "piessubcategorynamesjson": "[\"Chicken Pieces & Nuggets\"]",
            "servingsize-total-nip": null,
            "servingsperpack-total-nip": null,
            "microwaveable": "False",
            "ovencook": "False",
            "vegetarian": "False",
            "freezable": "False",
            "containsnuts": "False",
            "containsgluten": "False",
            "description": "<p>Australian chicken breast meat, chopped and shaped into schnitzels and delicately coated in a delicious golden crumb. </p><p><br/></p> <p>Ingham's is dedicated to providing the best quality chicken that is at the heart of your table. Ingham's is passionate about the quality and health of their chickens, providing great tasting food and sharing meals with family and friends.<br/> <br/>Generations of families have grown up enjoying Ingham's, united at the heart of the table by great meals. Tables are where we connect, talk and share our lives with the people that matter most to us.<br/> <br/>Ingham's, Love 'em.</p><p> No added hormones</p><p> 100% Australian chicken</p><p> Good source of protein</p>",
            "ingredients": "Chicken Breast (52%), Water, Flour (Wheat), Vegetable Oil, Salt, Yeast, Starch (Wheat), Sugar, Gluten (Wheat), Mineral Salts (451), Herbs, Natural Colours (100, 160c From Soy).<br><br>This is a formed product.",
            "nutritionalinformation": "{\"Name\":\"Nutritional Information\",\"Attributes\":[{\"Id\":705,\"Name\":\"Carbohydrate Quantity Per 100g - Total - NIP\",\"Value\":\"14.9g\",\"Description\":\"Carbohydrate Quantity Per 100g - Total - NIP\",\"SortOrder\":83},{\"Id\":706,\"Name\":\"Carbohydrate Quantity Per Serve - Total - NIP\",\"Value\":\"14.9g\",\"Description\":\"Carbohydrate Quantity Per Serve - Total - NIP\",\"SortOrder\":87},{\"Id\":759,\"Name\":\"Energy kJ Quantity Per 100g - Total - NIP\",\"Value\":\"912kJ\",\"Description\":\"Energy kJ Quantity Per 100g - Total - NIP\",\"SortOrder\":239},{\"Id\":760,\"Name\":\"Energy kJ Quantity Per Serve - Total - NIP\",\"Value\":\"912kJ\",\"Description\":\"Energy kJ Quantity Per Serve - Total - NIP\",\"SortOrder\":243},{\"Id\":253,\"Name\":\"Fat Saturated Quantity Per 100g - Total - NIP\",\"Value\":\"1.4g\",\"Description\":\"Fat Saturated Quantity Per 100g - Total - NIP\",\"SortOrder\":251},{\"Id\":258,\"Name\":\"Fat Saturated Quantity Per Serve - Total - NIP\",\"Value\":\"1.4g\",\"Description\":\"Fat Saturated Quantity Per Serve - Total - NIP\",\"SortOrder\":255},{\"Id\":764,\"Name\":\"Fat Total Quantity Per 100g - Total - NIP\",\"Value\":\"11.7g\",\"Description\":\"Fat Total Quantity Per 100g - Total - NIP\",\"SortOrder\":263},{\"Id\":264,\"Name\":\"Fat Total Quantity Per Serve - Total - NIP\",\"Value\":\"11.7g\",\"Description\":\"Fat Total Quantity Per Serve - Total - NIP\",\"SortOrder\":267},{\"Id\":878,\"Name\":\"Protein Quantity Per 100g - Total - NIP\",\"Value\":\"12.8g\",\"Description\":\"Protein Quantity Per 100g - Total - NIP\",\"SortOrder\":587},{\"Id\":882,\"Name\":\"Protein Quantity Per Serve - Total - NIP\",\"Value\":\"12.8g\",\"Description\":\"Protein Quantity Per Serve - Total - NIP\",\"SortOrder\":591},{\"Id\":477,\"Name\":\"Serving Size - Total - NIP\",\"Value\":\"Approx.100g (1 Schnitzel)\",\"Description\":\"Serving Size - Total - NIP\",\"SortOrder\":607},{\"Id\":544,\"Name\":\"Servings Per Pack - Total - NIP\",\"Value\":\"4\",\"Description\":\"Servings Per Pack - Total - NIP\",\"SortOrder\":611},{\"Id\":491,\"Name\":\"Sodium Quantity Per 100g - Total - NIP\",\"Value\":\"441mg\",\"Description\":\"Sodium Quantity Per 100g - Total - NIP\",\"SortOrder\":623},{\"Id\":495,\"Name\":\"Sodium Quantity Per Serve - Total - NIP\",\"Value\":\"441mg\",\"Description\":\"Sodium Quantity Per Serve - Total - NIP\",\"SortOrder\":627},{\"Id\":907,\"Name\":\"Sugars Quantity Per 100g - Prefix - NIP\",\"Value\":\"\",\"Description\":\"Sugars Quantity Per 100g - Prefix - NIP\",\"SortOrder\":645},{\"Id\":908,\"Name\":\"Sugars Quantity Per 100g - SuffixUnits - NIP\",\"Value\":\"g\",\"Description\":\"Sugars Quantity Per 100g - SuffixUnits - NIP\",\"SortOrder\":646},{\"Id\":909,\"Name\":\"Sugars Quantity Per 100g - Total - NIP\",\"Value\":\"4.1g\",\"Description\":\"Sugars Quantity Per 100g - Total - NIP\",\"SortOrder\":647},{\"Id\":910,\"Name\":\"Sugars Quantity Per 100g - ValueWord - NIP\",\"Value\":\"4.1\",\"Description\":\"Sugars Quantity Per 100g - ValueWord - NIP\",\"SortOrder\":648},{\"Id\":504,\"Name\":\"Sugars Quantity Per Serve - Prefix - NIP\",\"Value\":\"\",\"Description\":\"Sugars Quantity Per Serve - Prefix - NIP\",\"SortOrder\":649},{\"Id\":911,\"Name\":\"Sugars Quantity Per Serve - SuffixUnits - NIP\",\"Value\":\"g\",\"Description\":\"Sugars Quantity Per Serve - SuffixUnits - NIP\",\"SortOrder\":650},{\"Id\":912,\"Name\":\"Sugars Quantity Per Serve - Total - NIP\",\"Value\":\"4.1g\",\"Description\":\"Sugars Quantity Per Serve - Total - NIP\",\"SortOrder\":651},{\"Id\":572,\"Name\":\"Sugars Quantity Per Serve - ValueWord - NIP\",\"Value\":\"4.1\",\"Description\":\"Sugars Quantity Per Serve - ValueWord - NIP\",\"SortOrder\":652}]}",
            "storageinstructions": "Keep frozen at or below -18C.",
            "usageinstructions": null,
            "brand": "ingham's",
            "manufacturer": null,
            "countryoforigin": null,
            "productheightmm": null,
            "productwidthmm": null,
            "productdepthmm": null,
            "wool_productpackaging": null,
            "recyclableinformation": null,
            "importantinformation": null,
            "allergencontains": "Gluten, Soy, Wheat",
            "allergenmaybepresent": "Egg, Milk",
            "allergystatement": "Fish Free",
            "lifestyleanddietarystatement": "Low Sugar",
            "lifestyleclaim": "NoAddedHormones",
            "wool_dietaryclaim": "No Preservatives, Source of Protein",
            "boxedcontents": null,
            "suitablefor": null,
            "fragrance": null,
            "colour": null,
            "antioxidant": "False",
            "addedvitaminsandminerals": "False",
            "bpafree": "False",
            "sulfatefree": "False",
            "parabenfree": "False",
            "claims": null,
            "alcoholfree": null,
            "anti-dandruff": null,
            "dermatologicallyapproved": null,
            "dermatologistrecommended": null,
            "dermatologisttested": null,
            "fragrance-free": null,
            "haircolour": null,
            "hairtype": null,
            "hypo-allergenic": null,
            "non-comedogenic": null,
            "oilfree": null,
            "ophthalmologistapproved": null,
            "ophthalmologisttested": null,
            "paba-free": null,
            "skincondition": null,
            "skintype": null,
            "soap-free": null,
            "spf": null,
            "sweatresistant": null,
            "timer": null,
            "waterresistant": null,
            "phbalanced": null,
            "antiseptic": "False",
            "antibacterial": "False",
            "activeconstituents": null,
            "contains": null,
            "microwavesafe": "False",
            "productimagecount": "8",
            "friendlydisclaimer": null,
            "productimages": "85804.jpg,85804_1.jpg,85804_2.jpg,85804_7.jpg,85804_4.jpg,85804_5.jpg,85804_3.jpg,85804_6.jpg",
            "healthstarrating": "0",
            "tgawarnings": null,
            "vendorarticleid": null,
            "vendorcostprice": null,
            "tgawarning": null
          },
          "DetailsImagePaths": [
            "https://cdn0.woolworths.media/content/wowproductimages/large/085804.jpg",
            "https://cdn0.woolworths.media/content/wowproductimages/large/085804_1.jpg",
            "https://cdn0.woolworths.media/content/wowproductimages/large/085804_2.jpg",
            "https://cdn0.woolworths.media/content/wowproductimages/large/085804_3.jpg",
            "https://cdn0.woolworths.media/content/wowproductimages/large/085804_4.jpg",
            "https://cdn0.woolworths.media/content/wowproductimages/large/085804_5.jpg",
            "https://cdn0.woolworths.media/content/wowproductimages/large/085804_6.jpg",
            "https://cdn0.woolworths.media/content/wowproductimages/large/085804_7.jpg"
          ],
          "Variety": "schnitzel",
          "Rating": {
            "ReviewCount": 12,
            "RatingCount": 12,
            "RatingSum": 0,
            "OneStarCount": 0,
            "TwoStarCount": 1,
            "ThreeStarCount": 1,
            "FourStarCount": 3,
            "FiveStarCount": 7,
            "Average": 4.33333333333333,
            "OneStarPercentage": 0,
            "TwoStarPercentage": 8.33333333333333,
            "ThreeStarPercentage": 8.33333333333333,
            "FourStarPercentage": 25,
            "FiveStarPercentage": 58.3333333333333
          },
          "HasProductSubs": false,
          "IsSponsoredAd": false,
          "AdID": null,
          "AdIndex": null,
          "ThirdPartyProductInfo": null,
          "MarketFeatures": null,
          "MarketSpecifications": null
        }
      ],
      "Name": "Ingham's Chicken Breast Schnitzel"
    },
    {
      "Products": [
        {
          "TileID": 0,
          "Stockcode": 94181,
          "Barcode": "9310213542497",
          "GtinFormat": 13,
          "CupPrice": 25.71,
          "InstoreCupPrice": 25.71,
          "CupMeasure": "1KG",
          "CupString": "$25.71 / 1KG",
          "InstoreCupString": "$25.71 / 1KG",
          "HasCupPrice": true,
          "InstoreHasCupPrice": true,
          "Price": 9,
          "InstorePrice": 9,
          "Name": "Steggles Garlic Chicken Breast Kiev",
          "UrlFriendlyName": "steggles-garlic-chicken-breast-kiev",
          "Description": " Steggles Garlic Chicken<br>Breast Kiev  350g",
          "SmallImageFile": "https://cdn0.woolworths.media/content/wowproductimages/small/094181.jpg",
          "MediumImageFile": "https://cdn0.woolworths.media/content/wowproductimages/medium/094181.jpg",
          "LargeImageFile": "https://cdn0.woolworths.media/content/wowproductimages/large/094181.jpg",
          "IsNew": false,
          "IsOnSpecial": false,
          "InstoreIsOnSpecial": false,
          "IsEdrSpecial": false,
          "SavingsAmount": 0,
          "InstoreSavingsAmount": 0,
          "WasPrice": 9,
          "InstoreWasPrice": 9,
          "QuantityInTrolley": 0,
          "Unit": "Each",
          "MinimumQuantity": 1,
          "HasBeenBoughtBefore": false,
          "IsInTrolley": false,
          "Source": "Aisle.Freezer",
          "SupplyLimit": 36,
          "IsRanged": false,
          "IsInStock": true,
          "PackageSize": "350g",
          "IsPmDelivery": false,
          "IsForCollection": true,
          "IsForDelivery": true,
          "IsForExpress": false,
          "ProductRestrictionMessage": null,
          "ProductWarningMessage": null,
          "CentreTag": {
            "TagContent": null,
            "TagLink": null,
            "FallbackText": null,
            "TagType": "None",
            "MultibuyData": null
          },
          "IsCentreTag": false,
          "ImageTag": {
            "TagContent": null,
            "TagLink": null,
            "FallbackText": "",
            "TagType": "None",
            "MultibuyData": null
          },
          "HeaderTag": null,
          "HasHeaderTag": false,
          "UnitWeightInGrams": 350,
          "SupplyLimitMessage": "'Steggles Garlic Chicken Breast Kiev' has a supply limit of 36. The quantity in your cart has been reduced accordingly. To purchase a larger quantity, please contact us on 1800 000 610. Please note we do not supply trade orders.",
          "SmallFormatDescription": "Steggles Garlic Chicken Breast Kiev ",
          "FullDescription": "Steggles Garlic Chicken Breast Kiev ",
          "IsAvailable": true,
          "InstoreIsAvailable": true,
          "IsPurchasable": true,
          "InstoreIsPurchasable": true,
          "AgeRestricted": false,
          "DisplayQuantity": 1,
          "RichDescription": "<p>Steggles Chicken Breast Kievs are a perfect evening meal. Free from artificial colours or flavours, absolutely no added preservatives. Our chickens have no added hormones.<BR><BR>Chicken Breast Kiev with a garlic butter filling, coated in a golden crumb.<br /><br />We're Stegglers for quality time.<br /><br />Quality time. It's never been more important to a family. It's time spent together.<br />It's about creating real family connections - the laughter, the stories and the conversations.<br />Which is why at Steggles we want to remind all Australian families just how special mealtime is around the table.<br />After all, we're not just Stegglers for quality.<br />We're Stegglers for quality time.</p>",
          "IsDeliveryPass": false,
          "HideWasSavedPrice": false,
          "SapCategories": null,
          "Brand": "steggles",
          "IsRestrictedByDeliveryMethod": false,
          "FooterTag": {
            "TagContent": null,
            "TagLink": null,
            "FallbackText": null,
            "TagType": "None",
            "MultibuyData": null
          },
          "IsFooterEnabled": false,
          "Diagnostics": "154",
          "IsBundle": false,
          "IsInFamily": false,
          "ChildProducts": [],
          "UrlOverride": null,
          "AdditionalAttributes": {
            "sapdepartmentname": "GROCERIES",
            "sapdepartmentno": "5",
            "sapcategoryname": "FREEZER - POULTRY",
            "sapcategoryno": "99",
            "sapsubcategoryname": "FREEZER - POULTRY",
            "sapsubcategoryno": "145",
            "sapsegmentname": "FROZEN PROC POULTRY - V/A MEALS",
            "sapsegmentno": "10",
            "specialsgroupid": null,
            "PiesProductDepartmentNodeId": "1_ACA2FC2",
            "PiesProductDepartmentsjson": "[{\"Id\":\"1_ACA2FC2\",\"Description\":\"Freezer\"}]",
            "piesdepartmentnamesjson": "[\"Freezer\"]",
            "piescategorynamesjson": "[\"Frozen Meat\"]",
            "piessubcategorynamesjson": "[\"Chicken Pieces & Nuggets\"]",
            "servingsize-total-nip": null,
            "servingsperpack-total-nip": null,
            "microwaveable": "False",
            "ovencook": "False",
            "vegetarian": "False",
            "freezable": "False",
            "containsnuts": "False",
            "containsgluten": "False",
            "description": "<p>Steggles Chicken Breast Kievs are a perfect evening meal. Free from artificial colours or flavours, absolutely no added preservatives. Our chickens have no added hormones.<BR><BR>Chicken Breast Kiev with a garlic butter filling, coated in a golden crumb.<br /><br />We're Stegglers for quality time.<br /><br />Quality time. It's never been more important to a family. It's time spent together.<br />It's about creating real family connections - the laughter, the stories and the conversations.<br />Which is why at Steggles we want to remind all Australian families just how special mealtime is around the table.<br />After all, we're not just Stegglers for quality.<br />We're Stegglers for quality time.</p>",
            "ingredients": "Chicken Breast (64%), Garlic Butter Sauce (12%) [Butter (Cream, Water, Salt), Water, Vegetable Oil, Garlic (Acidity Regulator (330)), Milk Solids, Modified Starch (1450), Onion, Thickener (1422), Parsley], Water, Wheat Flour, Yeast, Salt, Sugar, Colours (100, 160b), Thickener (1404), Mineral Salts (450, 500, 451, 452), Vegetable Gums (412, 415), Wheat Gluten, Wheat Starch, Vegetable Oil, Soy Protein Isolate.",
            "nutritionalinformation": "{\"Name\":\"Nutritional Information\",\"Attributes\":[{\"Id\":705,\"Name\":\"Carbohydrate Quantity Per 100g - Total - NIP\",\"Value\":\"4.8g\",\"Description\":\"Carbohydrate Quantity Per 100g - Total - NIP\",\"SortOrder\":83},{\"Id\":706,\"Name\":\"Carbohydrate Quantity Per Serve - Total - NIP\",\"Value\":\"8.4g\",\"Description\":\"Carbohydrate Quantity Per Serve - Total - NIP\",\"SortOrder\":87},{\"Id\":759,\"Name\":\"Energy kJ Quantity Per 100g - Total - NIP\",\"Value\":\"896kJ\",\"Description\":\"Energy kJ Quantity Per 100g - Total - NIP\",\"SortOrder\":239},{\"Id\":760,\"Name\":\"Energy kJ Quantity Per Serve - Total - NIP\",\"Value\":\"1570kJ\",\"Description\":\"Energy kJ Quantity Per Serve - Total - NIP\",\"SortOrder\":243},{\"Id\":253,\"Name\":\"Fat Saturated Quantity Per 100g - Total - NIP\",\"Value\":\"6.0g\",\"Description\":\"Fat Saturated Quantity Per 100g - Total - NIP\",\"SortOrder\":251},{\"Id\":258,\"Name\":\"Fat Saturated Quantity Per Serve - Total - NIP\",\"Value\":\"10.5g\",\"Description\":\"Fat Saturated Quantity Per Serve - Total - NIP\",\"SortOrder\":255},{\"Id\":764,\"Name\":\"Fat Total Quantity Per 100g - Total - NIP\",\"Value\":\"15.4g\",\"Description\":\"Fat Total Quantity Per 100g - Total - NIP\",\"SortOrder\":263},{\"Id\":264,\"Name\":\"Fat Total Quantity Per Serve - Total - NIP\",\"Value\":\"27.0g\",\"Description\":\"Fat Total Quantity Per Serve - Total - NIP\",\"SortOrder\":267},{\"Id\":878,\"Name\":\"Protein Quantity Per 100g - Total - NIP\",\"Value\":\"13.9g\",\"Description\":\"Protein Quantity Per 100g - Total - NIP\",\"SortOrder\":587},{\"Id\":882,\"Name\":\"Protein Quantity Per Serve - Total - NIP\",\"Value\":\"24.3g\",\"Description\":\"Protein Quantity Per Serve - Total - NIP\",\"SortOrder\":591},{\"Id\":477,\"Name\":\"Serving Size - Total - NIP\",\"Value\":\"175g\",\"Description\":\"Serving Size - Total - NIP\",\"SortOrder\":607},{\"Id\":544,\"Name\":\"Servings Per Pack - Total - NIP\",\"Value\":\"2\",\"Description\":\"Servings Per Pack - Total - NIP\",\"SortOrder\":611},{\"Id\":491,\"Name\":\"Sodium Quantity Per 100g - Total - NIP\",\"Value\":\"557mg\",\"Description\":\"Sodium Quantity Per 100g - Total - NIP\",\"SortOrder\":623},{\"Id\":495,\"Name\":\"Sodium Quantity Per Serve - Total - NIP\",\"Value\":\"974mg\",\"Description\":\"Sodium Quantity Per Serve - Total - NIP\",\"SortOrder\":627},{\"Id\":908,\"Name\":\"Sugars Quantity Per 100g - SuffixUnits - NIP\",\"Value\":\"g\",\"Description\":\"Sugars Quantity Per 100g - SuffixUnits - NIP\",\"SortOrder\":646},{\"Id\":909,\"Name\":\"Sugars Quantity Per 100g - Total - NIP\",\"Value\":\"2.3g\",\"Description\":\"Sugars Quantity Per 100g - Total - NIP\",\"SortOrder\":647},{\"Id\":910,\"Name\":\"Sugars Quantity Per 100g - ValueWord - NIP\",\"Value\":\"2.3\",\"Description\":\"Sugars Quantity Per 100g - ValueWord - NIP\",\"SortOrder\":648},{\"Id\":911,\"Name\":\"Sugars Quantity Per Serve - SuffixUnits - NIP\",\"Value\":\"g\",\"Description\":\"Sugars Quantity Per Serve - SuffixUnits - NIP\",\"SortOrder\":650},{\"Id\":912,\"Name\":\"Sugars Quantity Per Serve - Total - NIP\",\"Value\":\"4.0g\",\"Description\":\"Sugars Quantity Per Serve - Total - NIP\",\"SortOrder\":651},{\"Id\":572,\"Name\":\"Sugars Quantity Per Serve - ValueWord - NIP\",\"Value\":\"4.0\",\"Description\":\"Sugars Quantity Per Serve - ValueWord - NIP\",\"SortOrder\":652}]}",
            "storageinstructions": "Keep frozen. Store at below -18C.",
            "usageinstructions": null,
            "brand": "steggles",
            "manufacturer": null,
            "countryoforigin": null,
            "productheightmm": null,
            "productwidthmm": null,
            "productdepthmm": null,
            "wool_productpackaging": null,
            "recyclableinformation": null,
            "importantinformation": null,
            "allergencontains": "Gluten, Milk, Soy, Wheat",
            "allergenmaybepresent": "Egg, Sesame",
            "allergystatement": "No Artificial Colours or Flavours",
            "lifestyleanddietarystatement": "Low Sugar",
            "lifestyleclaim": null,
            "wool_dietaryclaim": null,
            "boxedcontents": null,
            "suitablefor": null,
            "fragrance": null,
            "colour": null,
            "antioxidant": "False",
            "addedvitaminsandminerals": "False",
            "bpafree": "False",
            "sulfatefree": "False",
            "parabenfree": "False",
            "claims": null,
            "alcoholfree": null,
            "anti-dandruff": null,
            "dermatologicallyapproved": null,
            "dermatologistrecommended": null,
            "dermatologisttested": null,
            "fragrance-free": null,
            "haircolour": null,
            "hairtype": null,
            "hypo-allergenic": null,
            "non-comedogenic": null,
            "oilfree": null,
            "ophthalmologistapproved": null,
            "ophthalmologisttested": null,
            "paba-free": null,
            "skincondition": null,
            "skintype": null,
            "soap-free": null,
            "spf": null,
            "sweatresistant": null,
            "timer": null,
            "waterresistant": null,
            "phbalanced": null,
            "antiseptic": "False",
            "antibacterial": "False",
            "activeconstituents": null,
            "contains": null,
            "microwavesafe": "False",
            "productimagecount": "5",
            "friendlydisclaimer": null,
            "productimages": "94181.jpg,94181_2.jpg,94181_3.jpg,94181_4.jpg,94181_5.jpg",
            "healthstarrating": "2",
            "tgawarnings": null,
            "vendorarticleid": null,
            "vendorcostprice": null,
            "tgawarning": null
          },
          "DetailsImagePaths": [
            "https://cdn0.woolworths.media/content/wowproductimages/large/094181.jpg",
            "https://cdn0.woolworths.media/content/wowproductimages/large/094181_2.jpg",
            "https://cdn0.woolworths.media/content/wowproductimages/large/094181_3.jpg",
            "https://cdn0.woolworths.media/content/wowproductimages/large/094181_4.jpg",
            "https://cdn0.woolworths.media/content/wowproductimages/large/094181_5.jpg"
          ],
          "Variety": null,
          "Rating": {
            "ReviewCount": 2,
            "RatingCount": 2,
            "RatingSum": 0,
            "OneStarCount": 0,
            "TwoStarCount": 0,
            "ThreeStarCount": 0,
            "FourStarCount": 1,
            "FiveStarCount": 1,
            "Average": 4.5,
            "OneStarPercentage": 0,
            "TwoStarPercentage": 0,
            "ThreeStarPercentage": 0,
            "FourStarPercentage": 50,
            "FiveStarPercentage": 50
          },
          "HasProductSubs": false,
          "IsSponsoredAd": false,
          "AdID": null,
          "AdIndex": null,
          "ThirdPartyProductInfo": null,
          "MarketFeatures": null,
          "MarketSpecifications": null
        }
      ],
      "Name": "Steggles Garlic Chicken Breast Kiev"
    },
    {
      "Products": [
        {
          "TileID": 0,
          "Stockcode": 109150,
          "Barcode": "9310081127246",
          "GtinFormat": 13,
          "CupPrice": 40,
          "InstoreCupPrice": 40,
          "CupMeasure": "1KG",
          "CupString": "$40.00 / 1KG",
          "InstoreCupString": "$40.00 / 1KG",
          "HasCupPrice": true,
          "InstoreHasCupPrice": true,
          "Price": 9,
          "InstorePrice": 9,
          "Name": "Birds Eye Deli Salt & Pepper Prawn Cutlets",
          "UrlFriendlyName": "birds-eye-deli-salt-pepper-prawn-cutlets",
          "Description": " Birds Eye Deli Salt & Pepper<br>Prawn Cutlets 225g",
          "SmallImageFile": "https://cdn0.woolworths.media/content/wowproductimages/small/109150.jpg",
          "MediumImageFile": "https://cdn0.woolworths.media/content/wowproductimages/medium/109150.jpg",
          "LargeImageFile": "https://cdn0.woolworths.media/content/wowproductimages/large/109150.jpg",
          "IsNew": false,
          "IsOnSpecial": false,
          "InstoreIsOnSpecial": false,
          "IsEdrSpecial": false,
          "SavingsAmount": 0,
          "InstoreSavingsAmount": 0,
          "WasPrice": 9,
          "InstoreWasPrice": 9,
          "QuantityInTrolley": 0,
          "Unit": "Each",
          "MinimumQuantity": 1,
          "HasBeenBoughtBefore": false,
          "IsInTrolley": false,
          "Source": "Aisle.Freezer",
          "SupplyLimit": 36,
          "IsRanged": false,
          "IsInStock": true,
          "PackageSize": "225g",
          "IsPmDelivery": false,
          "IsForCollection": true,
          "IsForDelivery": true,
          "IsForExpress": false,
          "ProductRestrictionMessage": null,
          "ProductWarningMessage": null,
          "CentreTag": {
            "TagContent": null,
            "TagLink": null,
            "FallbackText": null,
            "TagType": "None",
            "MultibuyData": null
          },
          "IsCentreTag": false,
          "ImageTag": {
            "TagContent": null,
            "TagLink": null,
            "FallbackText": "",
            "TagType": "None",
            "MultibuyData": null
          },
          "HeaderTag": null,
          "HasHeaderTag": false,
          "UnitWeightInGrams": 225,
          "SupplyLimitMessage": "'Birds Eye Deli Salt & Pepper Prawn Cutlets' has a supply limit of 36. The quantity in your cart has been reduced accordingly. To purchase a larger quantity, please contact us on 1800 000 610. Please note we do not supply trade orders.",
          "SmallFormatDescription": "Birds Eye Deli Salt & Pepper Prawn Cutlets",
          "FullDescription": "Birds Eye Deli Salt & Pepper Prawn Cutlets",
          "IsAvailable": true,
          "InstoreIsAvailable": true,
          "IsPurchasable": true,
          "InstoreIsPurchasable": true,
          "AgeRestricted": false,
          "DisplayQuantity": 1,
          "RichDescription": null,
          "IsDeliveryPass": false,
          "HideWasSavedPrice": false,
          "SapCategories": null,
          "Brand": "birds eye",
          "IsRestrictedByDeliveryMethod": false,
          "FooterTag": {
            "TagContent": null,
            "TagLink": null,
            "FallbackText": null,
            "TagType": "None",
            "MultibuyData": null
          },
          "IsFooterEnabled": false,
          "Diagnostics": "155",
          "IsBundle": false,
          "IsInFamily": false,
          "ChildProducts": [],
          "UrlOverride": null,
          "AdditionalAttributes": {
            "sapdepartmentname": "GROCERIES",
            "sapdepartmentno": "5",
            "sapcategoryname": "FREEZER - FISH",
            "sapcategoryno": "96",
            "sapsubcategoryname": "FREEZER - FISH",
            "sapsubcategoryno": "32",
            "sapsegmentname": "SNACKS",
            "sapsegmentno": "6",
            "specialsgroupid": null,
            "PiesProductDepartmentNodeId": "1_ACA2FC2",
            "PiesProductDepartmentsjson": "[{\"Id\":\"1_ACA2FC2\",\"Description\":\"Freezer\"}]",
            "piesdepartmentnamesjson": "[\"Freezer\"]",
            "piescategorynamesjson": "[\"Frozen Seafood\"]",
            "piessubcategorynamesjson": "[\"Frozen Seafood\"]",
            "servingsize-total-nip": null,
            "servingsperpack-total-nip": null,
            "microwaveable": "False",
            "ovencook": "False",
            "vegetarian": "False",
            "freezable": "False",
            "containsnuts": "False",
            "containsgluten": "False",
            "description": null,
            "ingredients": "*Prawn* (Penaeus vannamei) (45%), *wheat* flour, water, *soybean* oil, rice flour, thickener (1420), salt, pepper extract, spice (black pepper, white pepper), yeast extract, acidity regulators (citric acid, sodium bicarbonate, 450), garlic, onion, dextrose, natural colours (paprika oleoresins, turmeric). *Contains crustacea and wheat.*",
            "nutritionalinformation": "{\"Name\":\"Nutritional Information\",\"Attributes\":[{\"Id\":544,\"Name\":\"Servings Per Pack - Total - NIP\",\"Value\":\"3\",\"Description\":\"Servings Per Pack - Total - NIP\",\"SortOrder\":611}]}",
            "storageinstructions": null,
            "usageinstructions": null,
            "brand": "birds eye",
            "manufacturer": null,
            "countryoforigin": null,
            "productheightmm": null,
            "productwidthmm": null,
            "productdepthmm": null,
            "wool_productpackaging": null,
            "recyclableinformation": null,
            "importantinformation": null,
            "allergencontains": "Wheat, Crustacean",
            "allergenmaybepresent": null,
            "allergystatement": "Dairy Free",
            "lifestyleanddietarystatement": null,
            "lifestyleclaim": null,
            "wool_dietaryclaim": null,
            "boxedcontents": null,
            "suitablefor": null,
            "fragrance": null,
            "colour": null,
            "antioxidant": "False",
            "addedvitaminsandminerals": "False",
            "bpafree": "False",
            "sulfatefree": "False",
            "parabenfree": "False",
            "claims": null,
            "alcoholfree": null,
            "anti-dandruff": null,
            "dermatologicallyapproved": null,
            "dermatologistrecommended": null,
            "dermatologisttested": null,
            "fragrance-free": null,
            "haircolour": null,
            "hairtype": null,
            "hypo-allergenic": null,
            "non-comedogenic": null,
            "oilfree": null,
            "ophthalmologistapproved": null,
            "ophthalmologisttested": null,
            "paba-free": null,
            "skincondition": null,
            "skintype": null,
            "soap-free": null,
            "spf": null,
            "sweatresistant": null,
            "timer": null,
            "waterresistant": null,
            "phbalanced": null,
            "antiseptic": "False",
            "antibacterial": "False",
            "activeconstituents": null,
            "contains": null,
            "microwavesafe": "False",
            "productimagecount": "2",
            "friendlydisclaimer": null,
            "productimages": "109150.jpg,109150_1.jpg",
            "healthstarrating": "0",
            "tgawarnings": null,
            "vendorarticleid": null,
            "vendorcostprice": null,
            "tgawarning": null
          },
          "DetailsImagePaths": [
            "https://cdn0.woolworths.media/content/wowproductimages/large/109150.jpg",
            "https://cdn0.woolworths.media/content/wowproductimages/large/109150_1.jpg"
          ],
          "Variety": "cutlets",
          "Rating": {
            "ReviewCount": 0,
            "RatingCount": 0,
            "RatingSum": 0,
            "OneStarCount": 0,
            "TwoStarCount": 0,
            "ThreeStarCount": 0,
            "FourStarCount": 0,
            "FiveStarCount": 0,
            "Average": 0,
            "OneStarPercentage": 0,
            "TwoStarPercentage": 0,
            "ThreeStarPercentage": 0,
            "FourStarPercentage": 0,
            "FiveStarPercentage": 0
          },
          "HasProductSubs": false,
          "IsSponsoredAd": false,
          "AdID": null,
          "AdIndex": null,
          "ThirdPartyProductInfo": null,
          "MarketFeatures": null,
          "MarketSpecifications": null
        }
      ],
      "Name": "Birds Eye Deli Salt & Pepper Prawn Cutlets"
    },
    {
      "Products": [
        {
          "TileID": 0,
          "Stockcode": 111368,
          "Barcode": "9310081127413",
          "GtinFormat": 13,
          "CupPrice": 36,
          "InstoreCupPrice": 36,
          "CupMeasure": "1KG",
          "CupString": "$36.00 / 1KG",
          "InstoreCupString": "$36.00 / 1KG",
          "HasCupPrice": true,
          "InstoreHasCupPrice": true,
          "Price": 9,
          "InstorePrice": 9,
          "Name": "Birds Eye Deli Flathead Fish Bites Crisp Light Batter",
          "UrlFriendlyName": "birds-eye-deli-flathead-fish-bites-crisp-light-batter",
          "Description": " Birds Eye Deli Flathead Fish<br>Bites Crisp Light... 250g",
          "SmallImageFile": "https://cdn0.woolworths.media/content/wowproductimages/small/111368.jpg",
          "MediumImageFile": "https://cdn0.woolworths.media/content/wowproductimages/medium/111368.jpg",
          "LargeImageFile": "https://cdn0.woolworths.media/content/wowproductimages/large/111368.jpg",
          "IsNew": false,
          "IsOnSpecial": false,
          "InstoreIsOnSpecial": false,
          "IsEdrSpecial": false,
          "SavingsAmount": 0,
          "InstoreSavingsAmount": 0,
          "WasPrice": 9,
          "InstoreWasPrice": 9,
          "QuantityInTrolley": 0,
          "Unit": "Each",
          "MinimumQuantity": 1,
          "HasBeenBoughtBefore": false,
          "IsInTrolley": false,
          "Source": "Aisle.Freezer",
          "SupplyLimit": 36,
          "IsRanged": false,
          "IsInStock": true,
          "PackageSize": "250g",
          "IsPmDelivery": false,
          "IsForCollection": true,
          "IsForDelivery": true,
          "IsForExpress": false,
          "ProductRestrictionMessage": null,
          "ProductWarningMessage": null,
          "CentreTag": {
            "TagContent": null,
            "TagLink": null,
            "FallbackText": null,
            "TagType": "None",
            "MultibuyData": null
          },
          "IsCentreTag": false,
          "ImageTag": {
            "TagContent": null,
            "TagLink": null,
            "FallbackText": "",
            "TagType": "None",
            "MultibuyData": null
          },
          "HeaderTag": null,
          "HasHeaderTag": false,
          "UnitWeightInGrams": 250,
          "SupplyLimitMessage": "'Birds Eye Deli Flathead Fish Bites Crisp Light Batter' has a supply limit of 36. The quantity in your cart has been reduced accordingly. To purchase a larger quantity, please contact us on 1800 000 610. Please note we do not supply trade orders.",
          "SmallFormatDescription": "Birds Eye Deli Flathead Fish Bites Crisp Light Batter",
          "FullDescription": "Birds Eye Deli Flathead Fish Bites Crisp Light Batter",
          "IsAvailable": true,
          "InstoreIsAvailable": true,
          "IsPurchasable": true,
          "InstoreIsPurchasable": true,
          "AgeRestricted": false,
          "DisplayQuantity": 1,
          "RichDescription": "Birds Eye Deli brings you Flathead Fish Bites as part of our easy entertaining range, perfect for dipping when friends drop over or to create delicious tacos, wraps or sliders.\n \nOur fish bites are handmade from real flathead fillets, hand cut and then hand dipped in a delicious light batter that's crispy and crunchy straight out of the oven. These aren't your normal fish bites! Loved by adults and kids alike.",
          "IsDeliveryPass": false,
          "HideWasSavedPrice": false,
          "SapCategories": null,
          "Brand": "birds eye",
          "IsRestrictedByDeliveryMethod": false,
          "FooterTag": {
            "TagContent": null,
            "TagLink": null,
            "FallbackText": null,
            "TagType": "None",
            "MultibuyData": null
          },
          "IsFooterEnabled": false,
          "Diagnostics": "156",
          "IsBundle": false,
          "IsInFamily": false,
          "ChildProducts": [],
          "UrlOverride": null,
          "AdditionalAttributes": {
            "sapdepartmentname": "GROCERIES",
            "sapdepartmentno": "5",
            "sapcategoryname": "FREEZER - FISH",
            "sapcategoryno": "96",
            "sapsubcategoryname": "FREEZER - FISH",
            "sapsubcategoryno": "32",
            "sapsegmentname": "SNACKS",
            "sapsegmentno": "6",
            "specialsgroupid": null,
            "PiesProductDepartmentNodeId": "1_ACA2FC2",
            "PiesProductDepartmentsjson": "[{\"Id\":\"1_ACA2FC2\",\"Description\":\"Freezer\"}]",
            "piesdepartmentnamesjson": "[\"Freezer\"]",
            "piescategorynamesjson": "[\"Frozen Seafood\"]",
            "piessubcategorynamesjson": "[\"Frozen Seafood\"]",
            "servingsize-total-nip": null,
            "servingsperpack-total-nip": null,
            "microwaveable": "False",
            "ovencook": "False",
            "vegetarian": "False",
            "freezable": "False",
            "containsnuts": "False",
            "containsgluten": "False",
            "description": "Birds Eye Deli brings you Flathead Fish Bites as part of our easy entertaining range, perfect for dipping when friends drop over or to create delicious tacos, wraps or sliders.\n \nOur fish bites are handmade from real flathead fillets, hand cut and then hand dipped in a delicious light batter that's crispy and crunchy straight out of the oven. These aren't your normal fish bites! Loved by adults and kids alike.",
            "ingredients": "South American Flathead fillets (50%), batter coating (40%) [water, wheat flour, potato starch, corn flour, thickeners (1420, xanthan gum, guar gum), salt, sugar, dextrose, acidity regulators (450, sodium bicarbonate, 541), yeast extract], soybean oil.",
            "nutritionalinformation": "{\"Name\":\"Nutritional Information\",\"Attributes\":[{\"Id\":705,\"Name\":\"Carbohydrate Quantity Per 100g - Total - NIP\",\"Value\":\"16.8g\",\"Description\":\"Carbohydrate Quantity Per 100g - Total - NIP\",\"SortOrder\":83},{\"Id\":706,\"Name\":\"Carbohydrate Quantity Per Serve - Total - NIP\",\"Value\":\"13.9g\",\"Description\":\"Carbohydrate Quantity Per Serve - Total - NIP\",\"SortOrder\":87},{\"Id\":759,\"Name\":\"Energy kJ Quantity Per 100g - Total - NIP\",\"Value\":\"881kJ\",\"Description\":\"Energy kJ Quantity Per 100g - Total - NIP\",\"SortOrder\":239},{\"Id\":760,\"Name\":\"Energy kJ Quantity Per Serve - Total - NIP\",\"Value\":\"731kJ\",\"Description\":\"Energy kJ Quantity Per Serve - Total - NIP\",\"SortOrder\":243},{\"Id\":253,\"Name\":\"Fat Saturated Quantity Per 100g - Total - NIP\",\"Value\":\"1.7g\",\"Description\":\"Fat Saturated Quantity Per 100g - Total - NIP\",\"SortOrder\":251},{\"Id\":258,\"Name\":\"Fat Saturated Quantity Per Serve - Total - NIP\",\"Value\":\"1.4g\",\"Description\":\"Fat Saturated Quantity Per Serve - Total - NIP\",\"SortOrder\":255},{\"Id\":764,\"Name\":\"Fat Total Quantity Per 100g - Total - NIP\",\"Value\":\"10.4g\",\"Description\":\"Fat Total Quantity Per 100g - Total - NIP\",\"SortOrder\":263},{\"Id\":264,\"Name\":\"Fat Total Quantity Per Serve - Total - NIP\",\"Value\":\"8.6g\",\"Description\":\"Fat Total Quantity Per Serve - Total - NIP\",\"SortOrder\":267},{\"Id\":878,\"Name\":\"Protein Quantity Per 100g - Total - NIP\",\"Value\":\"12.1g\",\"Description\":\"Protein Quantity Per 100g - Total - NIP\",\"SortOrder\":587},{\"Id\":882,\"Name\":\"Protein Quantity Per Serve - Total - NIP\",\"Value\":\"10g\",\"Description\":\"Protein Quantity Per Serve - Total - NIP\",\"SortOrder\":591},{\"Id\":477,\"Name\":\"Serving Size - Total - NIP\",\"Value\":\"83g\",\"Description\":\"Serving Size - Total - NIP\",\"SortOrder\":607},{\"Id\":544,\"Name\":\"Servings Per Pack - Total - NIP\",\"Value\":\"3\",\"Description\":\"Servings Per Pack - Total - NIP\",\"SortOrder\":611},{\"Id\":491,\"Name\":\"Sodium Quantity Per 100g - Total - NIP\",\"Value\":\"200mg\",\"Description\":\"Sodium Quantity Per 100g - Total - NIP\",\"SortOrder\":623},{\"Id\":495,\"Name\":\"Sodium Quantity Per Serve - Total - NIP\",\"Value\":\"166mg\",\"Description\":\"Sodium Quantity Per Serve - Total - NIP\",\"SortOrder\":627},{\"Id\":907,\"Name\":\"Sugars Quantity Per 100g - Prefix - NIP\",\"Value\":\"<\",\"Description\":\"Sugars Quantity Per 100g - Prefix - NIP\",\"SortOrder\":645},{\"Id\":908,\"Name\":\"Sugars Quantity Per 100g - SuffixUnits - NIP\",\"Value\":\"g\",\"Description\":\"Sugars Quantity Per 100g - SuffixUnits - NIP\",\"SortOrder\":646},{\"Id\":909,\"Name\":\"Sugars Quantity Per 100g - Total - NIP\",\"Value\":\"<1g\",\"Description\":\"Sugars Quantity Per 100g - Total - NIP\",\"SortOrder\":647},{\"Id\":910,\"Name\":\"Sugars Quantity Per 100g - ValueWord - NIP\",\"Value\":\"1\",\"Description\":\"Sugars Quantity Per 100g - ValueWord - NIP\",\"SortOrder\":648},{\"Id\":504,\"Name\":\"Sugars Quantity Per Serve - Prefix - NIP\",\"Value\":\"<\",\"Description\":\"Sugars Quantity Per Serve - Prefix - NIP\",\"SortOrder\":649},{\"Id\":911,\"Name\":\"Sugars Quantity Per Serve - SuffixUnits - NIP\",\"Value\":\"g\",\"Description\":\"Sugars Quantity Per Serve - SuffixUnits - NIP\",\"SortOrder\":650},{\"Id\":912,\"Name\":\"Sugars Quantity Per Serve - Total - NIP\",\"Value\":\"<1g\",\"Description\":\"Sugars Quantity Per Serve - Total - NIP\",\"SortOrder\":651},{\"Id\":572,\"Name\":\"Sugars Quantity Per Serve - ValueWord - NIP\",\"Value\":\"1\",\"Description\":\"Sugars Quantity Per Serve - ValueWord - NIP\",\"SortOrder\":652}]}",
            "storageinstructions": null,
            "usageinstructions": null,
            "brand": "birds eye",
            "manufacturer": null,
            "countryoforigin": null,
            "productheightmm": null,
            "productwidthmm": null,
            "productdepthmm": null,
            "wool_productpackaging": null,
            "recyclableinformation": null,
            "importantinformation": null,
            "allergencontains": "Wheat, Fish",
            "allergenmaybepresent": "Sesame Seeds",
            "allergystatement": "Lupin Free",
            "lifestyleanddietarystatement": "Source of Protein",
            "lifestyleclaim": null,
            "wool_dietaryclaim": null,
            "boxedcontents": null,
            "suitablefor": null,
            "fragrance": null,
            "colour": null,
            "antioxidant": "False",
            "addedvitaminsandminerals": "False",
            "bpafree": "False",
            "sulfatefree": "False",
            "parabenfree": "False",
            "claims": null,
            "alcoholfree": null,
            "anti-dandruff": null,
            "dermatologicallyapproved": null,
            "dermatologistrecommended": null,
            "dermatologisttested": null,
            "fragrance-free": null,
            "haircolour": null,
            "hairtype": null,
            "hypo-allergenic": null,
            "non-comedogenic": null,
            "oilfree": null,
            "ophthalmologistapproved": null,
            "ophthalmologisttested": null,
            "paba-free": null,
            "skincondition": null,
            "skintype": null,
            "soap-free": null,
            "spf": null,
            "sweatresistant": null,
            "timer": null,
            "waterresistant": null,
            "phbalanced": null,
            "antiseptic": "False",
            "antibacterial": "False",
            "activeconstituents": null,
            "contains": null,
            "microwavesafe": "False",
            "productimagecount": "2",
            "friendlydisclaimer": null,
            "productimages": "111368_1.jpg,111368.jpg",
            "healthstarrating": "4",
            "tgawarnings": null,
            "vendorarticleid": null,
            "vendorcostprice": null,
            "tgawarning": null
          },
          "DetailsImagePaths": [
            "https://cdn0.woolworths.media/content/wowproductimages/large/111368.jpg",
            "https://cdn0.woolworths.media/content/wowproductimages/large/111368_1.jpg"
          ],
          "Variety": "crisp light batter",
          "Rating": {
            "ReviewCount": 0,
            "RatingCount": 0,
            "RatingSum": 0,
            "OneStarCount": 0,
            "TwoStarCount": 0,
            "ThreeStarCount": 0,
            "FourStarCount": 0,
            "FiveStarCount": 0,
            "Average": 0,
            "OneStarPercentage": 0,
            "TwoStarPercentage": 0,
            "ThreeStarPercentage": 0,
            "FourStarPercentage": 0,
            "FiveStarPercentage": 0
          },
          "HasProductSubs": false,
          "IsSponsoredAd": false,
          "AdID": null,
          "AdIndex": null,
          "ThirdPartyProductInfo": null,
          "MarketFeatures": null,
          "MarketSpecifications": null
        }
      ],
      "Name": "Birds Eye Deli Flathead Fish Bites Crisp Light Batter"
    },
    {
      "Products": [
        {
          "TileID": 0,
          "Stockcode": 114569,
          "Barcode": "850005983170",
          "GtinFormat": 12,
          "CupPrice": 1.9,
          "InstoreCupPrice": 1.9,
          "CupMeasure": "100ML",
          "CupString": "$1.90 / 100ML",
          "InstoreCupString": "$1.90 / 100ML",
          "HasCupPrice": true,
          "InstoreHasCupPrice": true,
          "Price": 9,
          "InstorePrice": 9,
          "Name": "Halo Top Brownie Batter Tub",
          "UrlFriendlyName": "halo-top-brownie-batter-tub",
          "Description": " Halo Top Brownie Batter Tub  473ml",
          "SmallImageFile": "https://cdn0.woolworths.media/content/wowproductimages/small/114569.jpg",
          "MediumImageFile": "https://cdn0.woolworths.media/content/wowproductimages/medium/114569.jpg",
          "LargeImageFile": "https://cdn0.woolworths.media/content/wowproductimages/large/114569.jpg",
          "IsNew": false,
          "IsOnSpecial": false,
          "InstoreIsOnSpecial": false,
          "IsEdrSpecial": false,
          "SavingsAmount": 0,
          "InstoreSavingsAmount": 0,
          "WasPrice": 9,
          "InstoreWasPrice": 9,
          "QuantityInTrolley": 0,
          "Unit": "Each",
          "MinimumQuantity": 1,
          "HasBeenBoughtBefore": false,
          "IsInTrolley": false,
          "Source": "Aisle.Freezer",
          "SupplyLimit": 36,
          "IsRanged": false,
          "IsInStock": true,
          "PackageSize": "473ml",
          "IsPmDelivery": false,
          "IsForCollection": true,
          "IsForDelivery": true,
          "IsForExpress": false,
          "ProductRestrictionMessage": null,
          "ProductWarningMessage": null,
          "CentreTag": {
            "TagContent": "<span style=\"COLOR: #e2001a\"> Was $10.00 05/08/2019</span>",
            "TagLink": null,
            "FallbackText": null,
            "TagType": "Html",
            "MultibuyData": null
          },
          "IsCentreTag": true,
          "ImageTag": {
            "TagContent": null,
            "TagLink": null,
            "FallbackText": "",
            "TagType": "None",
            "MultibuyData": null
          },
          "HeaderTag": {
            "BackgroundColor": "#fff",
            "BorderColor": "#c20016",
            "TextColor": "#c20016",
            "Content": "<span class=\"u-semibold\">Prices dropped</span>",
            "TagLink": null,
            "Promotion": "PriceDropped"
          },
          "HasHeaderTag": true,
          "UnitWeightInGrams": 301,
          "SupplyLimitMessage": "'Halo Top Brownie Batter Tub' has a supply limit of 36. The quantity in your cart has been reduced accordingly. To purchase a larger quantity, please contact us on 1800 000 610. Please note we do not supply trade orders.",
          "SmallFormatDescription": "Halo Top Brownie Batter Tub ",
          "FullDescription": "Halo Top Brownie Batter Tub ",
          "IsAvailable": true,
          "InstoreIsAvailable": true,
          "IsPurchasable": true,
          "InstoreIsPurchasable": true,
          "AgeRestricted": false,
          "DisplayQuantity": 1,
          "RichDescription": null,
          "IsDeliveryPass": false,
          "HideWasSavedPrice": false,
          "SapCategories": null,
          "Brand": "halo",
          "IsRestrictedByDeliveryMethod": false,
          "FooterTag": {
            "TagContent": "<div class=\"productTag-pricedropped\" style=\"\r\nheight:46px;\r\nposition:absolute;\r\ntop:-4px;\r\nleft:0;\r\nwidth:100%;\r\nbackground:white;\r\noutline: 1px solid #c20016;\r\ntext-align:center;\">\r\n\r\n<img src=\"https://cdn0.woolworths.media/content/content/pricedropped-footer-transparent.png\" width=\"204px\" height=\"16px\" alt=\"Price Dropped\" style=\"display:inline-block;margin-top:15px;max-width: 100%;\">\r\n</div>",
            "TagLink": null,
            "FallbackText": null,
            "TagType": "Html",
            "MultibuyData": null
          },
          "IsFooterEnabled": true,
          "Diagnostics": "157",
          "IsBundle": false,
          "IsInFamily": false,
          "ChildProducts": [],
          "UrlOverride": null,
          "AdditionalAttributes": {
            "sapdepartmentname": "GROCERIES",
            "sapdepartmentno": "5",
            "sapcategoryname": "ICE CREAM",
            "sapcategoryno": "94",
            "sapsubcategoryname": "FREEZER - ICE CREAM TAKE HOME",
            "sapsubcategoryno": "107",
            "sapsegmentname": "FUNCTIONAL - CALORIE CONTROLLED TUBS",
            "sapsegmentno": "1",
            "specialsgroupid": null,
            "PiesProductDepartmentNodeId": "1_ACA2FC2",
            "PiesProductDepartmentsjson": "[{\"Id\":\"1_ACA2FC2\",\"Description\":\"Freezer\"}]",
            "piesdepartmentnamesjson": "[\"Freezer\"]",
            "piescategorynamesjson": "[\"Ice Cream\"]",
            "piessubcategorynamesjson": "[\"Ice Cream Tubs\"]",
            "servingsize-total-nip": null,
            "servingsperpack-total-nip": null,
            "microwaveable": "False",
            "ovencook": "False",
            "vegetarian": "False",
            "freezable": "False",
            "containsnuts": "False",
            "containsgluten": "False",
            "description": null,
            "ingredients": null,
            "nutritionalinformation": "{\"Name\":\"Nutritional Information\",\"Attributes\":[{\"Id\":544,\"Name\":\"Servings Per Pack - Total - NIP\",\"Value\":\"4\",\"Description\":\"Servings Per Pack - Total - NIP\",\"SortOrder\":611}]}",
            "storageinstructions": null,
            "usageinstructions": null,
            "brand": "halo",
            "manufacturer": null,
            "countryoforigin": null,
            "productheightmm": null,
            "productwidthmm": null,
            "productdepthmm": null,
            "wool_productpackaging": null,
            "recyclableinformation": null,
            "importantinformation": null,
            "allergencontains": null,
            "allergenmaybepresent": null,
            "allergystatement": null,
            "lifestyleanddietarystatement": null,
            "lifestyleclaim": null,
            "wool_dietaryclaim": null,
            "boxedcontents": null,
            "suitablefor": null,
            "fragrance": null,
            "colour": null,
            "antioxidant": "False",
            "addedvitaminsandminerals": "False",
            "bpafree": "False",
            "sulfatefree": "False",
            "parabenfree": "False",
            "claims": null,
            "alcoholfree": null,
            "anti-dandruff": null,
            "dermatologicallyapproved": null,
            "dermatologistrecommended": null,
            "dermatologisttested": null,
            "fragrance-free": null,
            "haircolour": null,
            "hairtype": null,
            "hypo-allergenic": null,
            "non-comedogenic": null,
            "oilfree": null,
            "ophthalmologistapproved": null,
            "ophthalmologisttested": null,
            "paba-free": null,
            "skincondition": null,
            "skintype": null,
            "soap-free": null,
            "spf": null,
            "sweatresistant": null,
            "timer": null,
            "waterresistant": null,
            "phbalanced": null,
            "antiseptic": "False",
            "antibacterial": "False",
            "activeconstituents": null,
            "contains": null,
            "microwavesafe": "False",
            "productimagecount": "1",
            "friendlydisclaimer": null,
            "productimages": "114569.jpg",
            "healthstarrating": "0",
            "tgawarnings": null,
            "vendorarticleid": null,
            "vendorcostprice": null,
            "tgawarning": null
          },
          "DetailsImagePaths": [
            "https://cdn0.woolworths.media/content/wowproductimages/large/114569.jpg"
          ],
          "Variety": null,
          "Rating": {
            "ReviewCount": 0,
            "RatingCount": 0,
            "RatingSum": 0,
            "OneStarCount": 0,
            "TwoStarCount": 0,
            "ThreeStarCount": 0,
            "FourStarCount": 0,
            "FiveStarCount": 0,
            "Average": 0,
            "OneStarPercentage": 0,
            "TwoStarPercentage": 0,
            "ThreeStarPercentage": 0,
            "FourStarPercentage": 0,
            "FiveStarPercentage": 0
          },
          "HasProductSubs": false,
          "IsSponsoredAd": false,
          "AdID": null,
          "AdIndex": null,
          "ThirdPartyProductInfo": null,
          "MarketFeatures": null,
          "MarketSpecifications": null
        }
      ],
      "Name": "Halo Top Brownie Batter Tub"
    },
    {
      "Products": [
        {
          "TileID": 0,
          "Stockcode": 115092,
          "Barcode": "9310081127277",
          "GtinFormat": 13,
          "CupPrice": 40,
          "InstoreCupPrice": 40,
          "CupMeasure": "1KG",
          "CupString": "$40.00 / 1KG",
          "InstoreCupString": "$40.00 / 1KG",
          "HasCupPrice": true,
          "InstoreHasCupPrice": true,
          "Price": 9,
          "InstorePrice": 9,
          "Name": "Birds Eye Deli Squid Strips Lightly Seasoned",
          "UrlFriendlyName": "birds-eye-deli-squid-strips-lightly-seasoned",
          "Description": " Birds Eye Deli Squid Strips<br>Lightly Seasoned 225g",
          "SmallImageFile": "https://cdn0.woolworths.media/content/wowproductimages/small/115092.jpg",
          "MediumImageFile": "https://cdn0.woolworths.media/content/wowproductimages/medium/115092.jpg",
          "LargeImageFile": "https://cdn0.woolworths.media/content/wowproductimages/large/115092.jpg",
          "IsNew": false,
          "IsOnSpecial": false,
          "InstoreIsOnSpecial": false,
          "IsEdrSpecial": false,
          "SavingsAmount": 0,
          "InstoreSavingsAmount": 0,
          "WasPrice": 9,
          "InstoreWasPrice": 9,
          "QuantityInTrolley": 0,
          "Unit": "Each",
          "MinimumQuantity": 1,
          "HasBeenBoughtBefore": false,
          "IsInTrolley": false,
          "Source": "Aisle.Freezer",
          "SupplyLimit": 36,
          "IsRanged": false,
          "IsInStock": true,
          "PackageSize": "225g",
          "IsPmDelivery": false,
          "IsForCollection": true,
          "IsForDelivery": true,
          "IsForExpress": false,
          "ProductRestrictionMessage": null,
          "ProductWarningMessage": null,
          "CentreTag": {
            "TagContent": null,
            "TagLink": null,
            "FallbackText": null,
            "TagType": "None",
            "MultibuyData": null
          },
          "IsCentreTag": false,
          "ImageTag": {
            "TagContent": null,
            "TagLink": null,
            "FallbackText": "",
            "TagType": "None",
            "MultibuyData": null
          },
          "HeaderTag": null,
          "HasHeaderTag": false,
          "UnitWeightInGrams": 225,
          "SupplyLimitMessage": "'Birds Eye Deli Squid Strips Lightly Seasoned' has a supply limit of 36. The quantity in your cart has been reduced accordingly. To purchase a larger quantity, please contact us on 1800 000 610. Please note we do not supply trade orders.",
          "SmallFormatDescription": "Birds Eye Deli Squid Strips Lightly Seasoned",
          "FullDescription": "Birds Eye Deli Squid Strips Lightly Seasoned",
          "IsAvailable": true,
          "InstoreIsAvailable": true,
          "IsPurchasable": true,
          "InstoreIsPurchasable": true,
          "AgeRestricted": false,
          "DisplayQuantity": 1,
          "RichDescription": "Birds Eye Deli brings you South Pacific Squid Strips as part of our easy entertaining range, perfect for dipping when friends drop over or to create delicious salad or tacos.\n \nOur Squid Strips are handmade, hand cut and then hand dipped in a deliciously lightly seasoned Japanese-inspired coating with hints of soy, ginger, garlic, sesame and seaweed flake. Perfectly seasoned to impress friends and family alike!",
          "IsDeliveryPass": false,
          "HideWasSavedPrice": false,
          "SapCategories": null,
          "Brand": "birds eye",
          "IsRestrictedByDeliveryMethod": false,
          "FooterTag": {
            "TagContent": null,
            "TagLink": null,
            "FallbackText": null,
            "TagType": "None",
            "MultibuyData": null
          },
          "IsFooterEnabled": false,
          "Diagnostics": "158",
          "IsBundle": false,
          "IsInFamily": false,
          "ChildProducts": [],
          "UrlOverride": null,
          "AdditionalAttributes": {
            "sapdepartmentname": "GROCERIES",
            "sapdepartmentno": "5",
            "sapcategoryname": "FREEZER - FISH",
            "sapcategoryno": "96",
            "sapsubcategoryname": "FREEZER - FISH",
            "sapsubcategoryno": "32",
            "sapsegmentname": "SNACKS",
            "sapsegmentno": "6",
            "specialsgroupid": null,
            "PiesProductDepartmentNodeId": "1_ACA2FC2",
            "PiesProductDepartmentsjson": "[{\"Id\":\"1_ACA2FC2\",\"Description\":\"Freezer\"}]",
            "piesdepartmentnamesjson": "[\"Freezer\"]",
            "piescategorynamesjson": "[\"Frozen Seafood\"]",
            "piessubcategorynamesjson": "[\"Frozen Seafood\"]",
            "servingsize-total-nip": null,
            "servingsperpack-total-nip": null,
            "microwaveable": "False",
            "ovencook": "False",
            "vegetarian": "False",
            "freezable": "False",
            "containsnuts": "False",
            "containsgluten": "False",
            "description": "Birds Eye Deli brings you South Pacific Squid Strips as part of our easy entertaining range, perfect for dipping when friends drop over or to create delicious salad or tacos.\n \nOur Squid Strips are handmade, hand cut and then hand dipped in a deliciously lightly seasoned Japanese-inspired coating with hints of soy, ginger, garlic, sesame and seaweed flake. Perfectly seasoned to impress friends and family alike!",
            "ingredients": "Marinated squid [squid (70%), soy sauce (soybeans, wheat, salt, water, sugar), maltodextrin, ginger, water, thickener (1420), sugar, garlic, onion, salt, acidity regulator (451), emulsifier (452), natural flavour], coating (26%) [wheat flour, thickener (1420), sesame seeds, acidity regulators (450, sodium bicarbonate), garlic powder, onion powder, pepper, wheat gluten, yeast extract, salt, colour (paprika oleoresins), seaweed flakes, thickener (xanthan gum)], soybean oil.",
            "nutritionalinformation": "{\"Name\":\"Nutritional Information\",\"Attributes\":[{\"Id\":705,\"Name\":\"Carbohydrate Quantity Per 100g - Total - NIP\",\"Value\":\"Approx.18g\",\"Description\":\"Carbohydrate Quantity Per 100g - Total - NIP\",\"SortOrder\":83},{\"Id\":706,\"Name\":\"Carbohydrate Quantity Per Serve - Total - NIP\",\"Value\":\"13.5g\",\"Description\":\"Carbohydrate Quantity Per Serve - Total - NIP\",\"SortOrder\":87},{\"Id\":759,\"Name\":\"Energy kJ Quantity Per 100g - Total - NIP\",\"Value\":\"Approx.973kJ\",\"Description\":\"Energy kJ Quantity Per 100g - Total - NIP\",\"SortOrder\":239},{\"Id\":760,\"Name\":\"Energy kJ Quantity Per Serve - Total - NIP\",\"Value\":\"730kJ\",\"Description\":\"Energy kJ Quantity Per Serve - Total - NIP\",\"SortOrder\":243},{\"Id\":253,\"Name\":\"Fat Saturated Quantity Per 100g - Total - NIP\",\"Value\":\"Approx.2.2g\",\"Description\":\"Fat Saturated Quantity Per 100g - Total - NIP\",\"SortOrder\":251},{\"Id\":258,\"Name\":\"Fat Saturated Quantity Per Serve - Total - NIP\",\"Value\":\"Approx.1.7g\",\"Description\":\"Fat Saturated Quantity Per Serve - Total - NIP\",\"SortOrder\":255},{\"Id\":764,\"Name\":\"Fat Total Quantity Per 100g - Total - NIP\",\"Value\":\"Approx.13.2g\",\"Description\":\"Fat Total Quantity Per 100g - Total - NIP\",\"SortOrder\":263},{\"Id\":264,\"Name\":\"Fat Total Quantity Per Serve - Total - NIP\",\"Value\":\"9.9g\",\"Description\":\"Fat Total Quantity Per Serve - Total - NIP\",\"SortOrder\":267},{\"Id\":878,\"Name\":\"Protein Quantity Per 100g - Total - NIP\",\"Value\":\"Approx.9.9g\",\"Description\":\"Protein Quantity Per 100g - Total - NIP\",\"SortOrder\":587},{\"Id\":882,\"Name\":\"Protein Quantity Per Serve - Total - NIP\",\"Value\":\"7.4g\",\"Description\":\"Protein Quantity Per Serve - Total - NIP\",\"SortOrder\":591},{\"Id\":477,\"Name\":\"Serving Size - Total - NIP\",\"Value\":\"75g\",\"Description\":\"Serving Size - Total - NIP\",\"SortOrder\":607},{\"Id\":544,\"Name\":\"Servings Per Pack - Total - NIP\",\"Value\":\"3\",\"Description\":\"Servings Per Pack - Total - NIP\",\"SortOrder\":611},{\"Id\":491,\"Name\":\"Sodium Quantity Per 100g - Total - NIP\",\"Value\":\"Approx.450mg\",\"Description\":\"Sodium Quantity Per 100g - Total - NIP\",\"SortOrder\":623},{\"Id\":495,\"Name\":\"Sodium Quantity Per Serve - Total - NIP\",\"Value\":\"338mg\",\"Description\":\"Sodium Quantity Per Serve - Total - NIP\",\"SortOrder\":627},{\"Id\":907,\"Name\":\"Sugars Quantity Per 100g - Prefix - NIP\",\"Value\":\"Approx.\",\"Description\":\"Sugars Quantity Per 100g - Prefix - NIP\",\"SortOrder\":645},{\"Id\":908,\"Name\":\"Sugars Quantity Per 100g - SuffixUnits - NIP\",\"Value\":\"g\",\"Description\":\"Sugars Quantity Per 100g - SuffixUnits - NIP\",\"SortOrder\":646},{\"Id\":909,\"Name\":\"Sugars Quantity Per 100g - Total - NIP\",\"Value\":\"Approx.1g\",\"Description\":\"Sugars Quantity Per 100g - Total - NIP\",\"SortOrder\":647},{\"Id\":910,\"Name\":\"Sugars Quantity Per 100g - ValueWord - NIP\",\"Value\":\"1\",\"Description\":\"Sugars Quantity Per 100g - ValueWord - NIP\",\"SortOrder\":648},{\"Id\":504,\"Name\":\"Sugars Quantity Per Serve - Prefix - NIP\",\"Value\":\"<\",\"Description\":\"Sugars Quantity Per Serve - Prefix - NIP\",\"SortOrder\":649},{\"Id\":911,\"Name\":\"Sugars Quantity Per Serve - SuffixUnits - NIP\",\"Value\":\"g\",\"Description\":\"Sugars Quantity Per Serve - SuffixUnits - NIP\",\"SortOrder\":650},{\"Id\":912,\"Name\":\"Sugars Quantity Per Serve - Total - NIP\",\"Value\":\"<1g\",\"Description\":\"Sugars Quantity Per Serve - Total - NIP\",\"SortOrder\":651},{\"Id\":572,\"Name\":\"Sugars Quantity Per Serve - ValueWord - NIP\",\"Value\":\"1\",\"Description\":\"Sugars Quantity Per Serve - ValueWord - NIP\",\"SortOrder\":652}]}",
            "storageinstructions": "Keep frozen. Store at or below minus 18 C.",
            "usageinstructions": null,
            "brand": "birds eye",
            "manufacturer": null,
            "countryoforigin": null,
            "productheightmm": null,
            "productwidthmm": null,
            "productdepthmm": null,
            "wool_productpackaging": null,
            "recyclableinformation": null,
            "importantinformation": null,
            "allergencontains": "Soy, Sesame Seeds, Wheat, Molluscs",
            "allergenmaybepresent": "Fish",
            "allergystatement": "Lactose Free",
            "lifestyleanddietarystatement": "Source of Protein",
            "lifestyleclaim": null,
            "wool_dietaryclaim": null,
            "boxedcontents": null,
            "suitablefor": null,
            "fragrance": null,
            "colour": null,
            "antioxidant": "False",
            "addedvitaminsandminerals": "False",
            "bpafree": "False",
            "sulfatefree": "False",
            "parabenfree": "False",
            "claims": null,
            "alcoholfree": null,
            "anti-dandruff": null,
            "dermatologicallyapproved": null,
            "dermatologistrecommended": null,
            "dermatologisttested": null,
            "fragrance-free": null,
            "haircolour": null,
            "hairtype": null,
            "hypo-allergenic": null,
            "non-comedogenic": null,
            "oilfree": null,
            "ophthalmologistapproved": null,
            "ophthalmologisttested": null,
            "paba-free": null,
            "skincondition": null,
            "skintype": null,
            "soap-free": null,
            "spf": null,
            "sweatresistant": null,
            "timer": null,
            "waterresistant": null,
            "phbalanced": null,
            "antiseptic": "False",
            "antibacterial": "False",
            "activeconstituents": null,
            "contains": null,
            "microwavesafe": "False",
            "productimagecount": "2",
            "friendlydisclaimer": null,
            "productimages": "115092.jpg,115092_1.jpg",
            "healthstarrating": "3.5",
            "tgawarnings": null,
            "vendorarticleid": null,
            "vendorcostprice": null,
            "tgawarning": null
          },
          "DetailsImagePaths": [
            "https://cdn0.woolworths.media/content/wowproductimages/large/115092.jpg",
            "https://cdn0.woolworths.media/content/wowproductimages/large/115092_1.jpg"
          ],
          "Variety": "seasoned",
          "Rating": {
            "ReviewCount": 0,
            "RatingCount": 0,
            "RatingSum": 0,
            "OneStarCount": 0,
            "TwoStarCount": 0,
            "ThreeStarCount": 0,
            "FourStarCount": 0,
            "FiveStarCount": 0,
            "Average": 0,
            "OneStarPercentage": 0,
            "TwoStarPercentage": 0,
            "ThreeStarPercentage": 0,
            "FourStarPercentage": 0,
            "FiveStarPercentage": 0
          },
          "HasProductSubs": false,
          "IsSponsoredAd": false,
          "AdID": null,
          "AdIndex": null,
          "ThirdPartyProductInfo": null,
          "MarketFeatures": null,
          "MarketSpecifications": null
        }
      ],
      "Name": "Birds Eye Deli Squid Strips Lightly Seasoned"
    },
    {
      "Products": [
        {
          "TileID": 0,
          "Stockcode": 115771,
          "Barcode": "850005983187",
          "GtinFormat": 12,
          "CupPrice": 1.9,
          "InstoreCupPrice": 1.9,
          "CupMeasure": "100ML",
          "CupString": "$1.90 / 100ML",
          "InstoreCupString": "$1.90 / 100ML",
          "HasCupPrice": true,
          "InstoreHasCupPrice": true,
          "Price": 9,
          "InstorePrice": 9,
          "Name": "Halo Top Plant Based Caramel Choc Pretzel Frozen Dessert",
          "UrlFriendlyName": "halo-top-plant-based-caramel-choc-pretzel-frozen-dessert",
          "Description": " Halo Top Plant Based Caramel<br>Choc Pretzel... 473ml",
          "SmallImageFile": "https://cdn0.woolworths.media/content/wowproductimages/small/115771.jpg",
          "MediumImageFile": "https://cdn0.woolworths.media/content/wowproductimages/medium/115771.jpg",
          "LargeImageFile": "https://cdn0.woolworths.media/content/wowproductimages/large/115771.jpg",
          "IsNew": false,
          "IsOnSpecial": false,
          "InstoreIsOnSpecial": false,
          "IsEdrSpecial": false,
          "SavingsAmount": 0,
          "InstoreSavingsAmount": 0,
          "WasPrice": 9,
          "InstoreWasPrice": 9,
          "QuantityInTrolley": 0,
          "Unit": "Each",
          "MinimumQuantity": 1,
          "HasBeenBoughtBefore": false,
          "IsInTrolley": false,
          "Source": "Aisle.Freezer",
          "SupplyLimit": 36,
          "IsRanged": false,
          "IsInStock": true,
          "PackageSize": "473ml",
          "IsPmDelivery": false,
          "IsForCollection": true,
          "IsForDelivery": true,
          "IsForExpress": false,
          "ProductRestrictionMessage": null,
          "ProductWarningMessage": null,
          "CentreTag": {
            "TagContent": "<span style=\"COLOR: #e2001a\"> Was $10.00 05/08/2019</span>",
            "TagLink": null,
            "FallbackText": null,
            "TagType": "Html",
            "MultibuyData": null
          },
          "IsCentreTag": true,
          "ImageTag": {
            "TagContent": null,
            "TagLink": null,
            "FallbackText": "",
            "TagType": "None",
            "MultibuyData": null
          },
          "HeaderTag": {
            "BackgroundColor": "#fff",
            "BorderColor": "#c20016",
            "TextColor": "#c20016",
            "Content": "<span class=\"u-semibold\">Prices dropped</span>",
            "TagLink": null,
            "Promotion": "PriceDropped"
          },
          "HasHeaderTag": true,
          "UnitWeightInGrams": 301,
          "SupplyLimitMessage": "'Halo Top Plant Based Caramel Choc Pretzel Frozen Dessert' has a supply limit of 36. The quantity in your cart has been reduced accordingly. To purchase a larger quantity, please contact us on 1800 000 610. Please note we do not supply trade orders.",
          "SmallFormatDescription": "Halo Top Plant Based Caramel Choc Pretzel Frozen Dessert",
          "FullDescription": "Halo Top Plant Based Caramel Choc Pretzel Frozen Dessert",
          "IsAvailable": true,
          "InstoreIsAvailable": true,
          "IsPurchasable": true,
          "InstoreIsPurchasable": true,
          "AgeRestricted": false,
          "DisplayQuantity": 1,
          "RichDescription": null,
          "IsDeliveryPass": false,
          "HideWasSavedPrice": false,
          "SapCategories": null,
          "Brand": "halo",
          "IsRestrictedByDeliveryMethod": false,
          "FooterTag": {
            "TagContent": "<div class=\"productTag-pricedropped\" style=\"\r\nheight:46px;\r\nposition:absolute;\r\ntop:-4px;\r\nleft:0;\r\nwidth:100%;\r\nbackground:white;\r\noutline: 1px solid #c20016;\r\ntext-align:center;\">\r\n\r\n<img src=\"https://cdn0.woolworths.media/content/content/pricedropped-footer-transparent.png\" width=\"204px\" height=\"16px\" alt=\"Price Dropped\" style=\"display:inline-block;margin-top:15px;max-width: 100%;\">\r\n</div>",
            "TagLink": null,
            "FallbackText": null,
            "TagType": "Html",
            "MultibuyData": null
          },
          "IsFooterEnabled": true,
          "Diagnostics": "159",
          "IsBundle": false,
          "IsInFamily": false,
          "ChildProducts": [],
          "UrlOverride": null,
          "AdditionalAttributes": {
            "sapdepartmentname": "GROCERIES",
            "sapdepartmentno": "5",
            "sapcategoryname": "ICE CREAM",
            "sapcategoryno": "94",
            "sapsubcategoryname": "FREEZER - ICE CREAM TAKE HOME",
            "sapsubcategoryno": "107",
            "sapsegmentname": "FUNCTIONAL - CALORIE CONTROLLED TUBS",
            "sapsegmentno": "1",
            "specialsgroupid": null,
            "PiesProductDepartmentNodeId": "1_ACA2FC2",
            "PiesProductDepartmentsjson": "[{\"Id\":\"1_ACA2FC2\",\"Description\":\"Freezer\"}]",
            "piesdepartmentnamesjson": "[\"Freezer\"]",
            "piescategorynamesjson": "[\"Ice Cream\"]",
            "piessubcategorynamesjson": "[\"Ice Cream Tubs\"]",
            "servingsize-total-nip": null,
            "servingsperpack-total-nip": null,
            "microwaveable": "False",
            "ovencook": "False",
            "vegetarian": "False",
            "freezable": "False",
            "containsnuts": "False",
            "containsgluten": "False",
            "description": null,
            "ingredients": null,
            "nutritionalinformation": "{\"Name\":\"Nutritional Information\",\"Attributes\":[{\"Id\":544,\"Name\":\"Servings Per Pack - Total - NIP\",\"Value\":\"4\",\"Description\":\"Servings Per Pack - Total - NIP\",\"SortOrder\":611}]}",
            "storageinstructions": null,
            "usageinstructions": null,
            "brand": "halo",
            "manufacturer": null,
            "countryoforigin": null,
            "productheightmm": null,
            "productwidthmm": null,
            "productdepthmm": null,
            "wool_productpackaging": null,
            "recyclableinformation": null,
            "importantinformation": null,
            "allergencontains": null,
            "allergenmaybepresent": null,
            "allergystatement": null,
            "lifestyleanddietarystatement": null,
            "lifestyleclaim": null,
            "wool_dietaryclaim": null,
            "boxedcontents": null,
            "suitablefor": null,
            "fragrance": null,
            "colour": null,
            "antioxidant": "False",
            "addedvitaminsandminerals": "False",
            "bpafree": "False",
            "sulfatefree": "False",
            "parabenfree": "False",
            "claims": null,
            "alcoholfree": null,
            "anti-dandruff": null,
            "dermatologicallyapproved": null,
            "dermatologistrecommended": null,
            "dermatologisttested": null,
            "fragrance-free": null,
            "haircolour": null,
            "hairtype": null,
            "hypo-allergenic": null,
            "non-comedogenic": null,
            "oilfree": null,
            "ophthalmologistapproved": null,
            "ophthalmologisttested": null,
            "paba-free": null,
            "skincondition": null,
            "skintype": null,
            "soap-free": null,
            "spf": null,
            "sweatresistant": null,
            "timer": null,
            "waterresistant": null,
            "phbalanced": null,
            "antiseptic": "False",
            "antibacterial": "False",
            "activeconstituents": null,
            "contains": null,
            "microwavesafe": "False",
            "productimagecount": "1",
            "friendlydisclaimer": null,
            "productimages": "115771.jpg",
            "healthstarrating": "0",
            "tgawarnings": null,
            "vendorarticleid": null,
            "vendorcostprice": null,
            "tgawarning": null
          },
          "DetailsImagePaths": [
            "https://cdn0.woolworths.media/content/wowproductimages/large/115771.jpg"
          ],
          "Variety": "choc pretzel frozen dessert",
          "Rating": {
            "ReviewCount": 0,
            "RatingCount": 0,
            "RatingSum": 0,
            "OneStarCount": 0,
            "TwoStarCount": 0,
            "ThreeStarCount": 0,
            "FourStarCount": 0,
            "FiveStarCount": 0,
            "Average": 0,
            "OneStarPercentage": 0,
            "TwoStarPercentage": 0,
            "ThreeStarPercentage": 0,
            "FourStarPercentage": 0,
            "FiveStarPercentage": 0
          },
          "HasProductSubs": false,
          "IsSponsoredAd": false,
          "AdID": null,
          "AdIndex": null,
          "ThirdPartyProductInfo": null,
          "MarketFeatures": null,
          "MarketSpecifications": null
        }
      ],
      "Name": "Halo Top Plant Based Caramel Choc Pretzel Frozen Dessert"
    },
    {
      "Products": [
        {
          "TileID": 0,
          "Stockcode": 116512,
          "Barcode": "850005983156",
          "GtinFormat": 12,
          "CupPrice": 1.9,
          "InstoreCupPrice": 1.9,
          "CupMeasure": "100ML",
          "CupString": "$1.90 / 100ML",
          "InstoreCupString": "$1.90 / 100ML",
          "HasCupPrice": true,
          "InstoreHasCupPrice": true,
          "Price": 9,
          "InstorePrice": 9,
          "Name": "Halo Top Plant Based Peanut Butter Choc Overload Frozen Dessert",
          "UrlFriendlyName": "halo-top-plant-based-peanut-butter-choc-overload-frozen-dessert",
          "Description": " Halo Top Plant Based Peanut<br>Butter Choc... 473ml",
          "SmallImageFile": "https://cdn0.woolworths.media/content/wowproductimages/small/116512.jpg",
          "MediumImageFile": "https://cdn0.woolworths.media/content/wowproductimages/medium/116512.jpg",
          "LargeImageFile": "https://cdn0.woolworths.media/content/wowproductimages/large/116512.jpg",
          "IsNew": false,
          "IsOnSpecial": false,
          "InstoreIsOnSpecial": false,
          "IsEdrSpecial": false,
          "SavingsAmount": 0,
          "InstoreSavingsAmount": 0,
          "WasPrice": 9,
          "InstoreWasPrice": 9,
          "QuantityInTrolley": 0,
          "Unit": "Each",
          "MinimumQuantity": 1,
          "HasBeenBoughtBefore": false,
          "IsInTrolley": false,
          "Source": "Aisle.Freezer",
          "SupplyLimit": 36,
          "IsRanged": false,
          "IsInStock": true,
          "PackageSize": "473ml",
          "IsPmDelivery": false,
          "IsForCollection": true,
          "IsForDelivery": true,
          "IsForExpress": false,
          "ProductRestrictionMessage": null,
          "ProductWarningMessage": null,
          "CentreTag": {
            "TagContent": "<span style=\"COLOR: #e2001a\"> Was $10.00 05/08/2019</span>",
            "TagLink": null,
            "FallbackText": null,
            "TagType": "Html",
            "MultibuyData": null
          },
          "IsCentreTag": true,
          "ImageTag": {
            "TagContent": null,
            "TagLink": null,
            "FallbackText": "",
            "TagType": "None",
            "MultibuyData": null
          },
          "HeaderTag": {
            "BackgroundColor": "#fff",
            "BorderColor": "#c20016",
            "TextColor": "#c20016",
            "Content": "<span class=\"u-semibold\">Prices dropped</span>",
            "TagLink": null,
            "Promotion": "PriceDropped"
          },
          "HasHeaderTag": true,
          "UnitWeightInGrams": 301,
          "SupplyLimitMessage": "'Halo Top Plant Based Peanut Butter Choc Overload Frozen Dessert' has a supply limit of 36. The quantity in your cart has been reduced accordingly. To purchase a larger quantity, please contact us on 1800 000 610. Please note we do not supply trade orders.",
          "SmallFormatDescription": "Halo Top Plant Based Peanut Butter Choc Overload Frozen Dessert",
          "FullDescription": "Halo Top Plant Based Peanut Butter Choc Overload Frozen Dessert",
          "IsAvailable": true,
          "InstoreIsAvailable": true,
          "IsPurchasable": true,
          "InstoreIsPurchasable": true,
          "AgeRestricted": false,
          "DisplayQuantity": 1,
          "RichDescription": null,
          "IsDeliveryPass": false,
          "HideWasSavedPrice": false,
          "SapCategories": null,
          "Brand": "halo",
          "IsRestrictedByDeliveryMethod": false,
          "FooterTag": {
            "TagContent": "<div class=\"productTag-pricedropped\" style=\"\r\nheight:46px;\r\nposition:absolute;\r\ntop:-4px;\r\nleft:0;\r\nwidth:100%;\r\nbackground:white;\r\noutline: 1px solid #c20016;\r\ntext-align:center;\">\r\n\r\n<img src=\"https://cdn0.woolworths.media/content/content/pricedropped-footer-transparent.png\" width=\"204px\" height=\"16px\" alt=\"Price Dropped\" style=\"display:inline-block;margin-top:15px;max-width: 100%;\">\r\n</div>",
            "TagLink": null,
            "FallbackText": null,
            "TagType": "Html",
            "MultibuyData": null
          },
          "IsFooterEnabled": true,
          "Diagnostics": "160",
          "IsBundle": false,
          "IsInFamily": false,
          "ChildProducts": [],
          "UrlOverride": null,
          "AdditionalAttributes": {
            "sapdepartmentname": "GROCERIES",
            "sapdepartmentno": "5",
            "sapcategoryname": "ICE CREAM",
            "sapcategoryno": "94",
            "sapsubcategoryname": "FREEZER - ICE CREAM TAKE HOME",
            "sapsubcategoryno": "107",
            "sapsegmentname": "FUNCTIONAL - CALORIE CONTROLLED TUBS",
            "sapsegmentno": "1",
            "specialsgroupid": null,
            "PiesProductDepartmentNodeId": "1_ACA2FC2",
            "PiesProductDepartmentsjson": "[{\"Id\":\"1_ACA2FC2\",\"Description\":\"Freezer\"}]",
            "piesdepartmentnamesjson": "[\"Freezer\"]",
            "piescategorynamesjson": "[\"Ice Cream\"]",
            "piessubcategorynamesjson": "[\"Ice Cream Tubs\"]",
            "servingsize-total-nip": null,
            "servingsperpack-total-nip": null,
            "microwaveable": "False",
            "ovencook": "False",
            "vegetarian": "False",
            "freezable": "False",
            "containsnuts": "False",
            "containsgluten": "False",
            "description": null,
            "ingredients": null,
            "nutritionalinformation": "{\"Name\":\"Nutritional Information\",\"Attributes\":[{\"Id\":544,\"Name\":\"Servings Per Pack - Total - NIP\",\"Value\":\"4\",\"Description\":\"Servings Per Pack - Total - NIP\",\"SortOrder\":611}]}",
            "storageinstructions": null,
            "usageinstructions": null,
            "brand": "halo",
            "manufacturer": null,
            "countryoforigin": null,
            "productheightmm": null,
            "productwidthmm": null,
            "productdepthmm": null,
            "wool_productpackaging": null,
            "recyclableinformation": null,
            "importantinformation": null,
            "allergencontains": null,
            "allergenmaybepresent": null,
            "allergystatement": null,
            "lifestyleanddietarystatement": null,
            "lifestyleclaim": null,
            "wool_dietaryclaim": null,
            "boxedcontents": null,
            "suitablefor": null,
            "fragrance": null,
            "colour": null,
            "antioxidant": "False",
            "addedvitaminsandminerals": "False",
            "bpafree": "False",
            "sulfatefree": "False",
            "parabenfree": "False",
            "claims": null,
            "alcoholfree": null,
            "anti-dandruff": null,
            "dermatologicallyapproved": null,
            "dermatologistrecommended": null,
            "dermatologisttested": null,
            "fragrance-free": null,
            "haircolour": null,
            "hairtype": null,
            "hypo-allergenic": null,
            "non-comedogenic": null,
            "oilfree": null,
            "ophthalmologistapproved": null,
            "ophthalmologisttested": null,
            "paba-free": null,
            "skincondition": null,
            "skintype": null,
            "soap-free": null,
            "spf": null,
            "sweatresistant": null,
            "timer": null,
            "waterresistant": null,
            "phbalanced": null,
            "antiseptic": "False",
            "antibacterial": "False",
            "activeconstituents": null,
            "contains": null,
            "microwavesafe": "False",
            "productimagecount": "1",
            "friendlydisclaimer": null,
            "productimages": "116512.jpg",
            "healthstarrating": "0",
            "tgawarnings": null,
            "vendorarticleid": null,
            "vendorcostprice": null,
            "tgawarning": null
          },
          "DetailsImagePaths": [
            "https://cdn0.woolworths.media/content/wowproductimages/large/116512.jpg"
          ],
          "Variety": "choc overload frozen dessert",
          "Rating": {
            "ReviewCount": 0,
            "RatingCount": 0,
            "RatingSum": 0,
            "OneStarCount": 0,
            "TwoStarCount": 0,
            "ThreeStarCount": 0,
            "FourStarCount": 0,
            "FiveStarCount": 0,
            "Average": 0,
            "OneStarPercentage": 0,
            "TwoStarPercentage": 0,
            "ThreeStarPercentage": 0,
            "FourStarPercentage": 0,
            "FiveStarPercentage": 0
          },
          "HasProductSubs": false,
          "IsSponsoredAd": false,
          "AdID": null,
          "AdIndex": null,
          "ThirdPartyProductInfo": null,
          "MarketFeatures": null,
          "MarketSpecifications": null
        }
      ],
      "Name": "Halo Top Plant Based Peanut Butter Choc Overload Frozen Dessert"
    },
    {
      "Products": [
        {
          "TileID": 0,
          "Stockcode": 116520,
          "Barcode": "850005983149",
          "GtinFormat": 12,
          "CupPrice": 1.9,
          "InstoreCupPrice": 1.9,
          "CupMeasure": "100ML",
          "CupString": "$1.90 / 100ML",
          "InstoreCupString": "$1.90 / 100ML",
          "HasCupPrice": true,
          "InstoreHasCupPrice": true,
          "Price": 9,
          "InstorePrice": 9,
          "Name": "Halo Top Plant Based Choc Chip Cookie Dough Frozen Dessert",
          "UrlFriendlyName": "halo-top-plant-based-choc-chip-cookie-dough-frozen-dessert",
          "Description": " Halo Top Plant Based Choc<br>Chip Cookie Dough... 473ml",
          "SmallImageFile": "https://cdn0.woolworths.media/content/wowproductimages/small/116520.jpg",
          "MediumImageFile": "https://cdn0.woolworths.media/content/wowproductimages/medium/116520.jpg",
          "LargeImageFile": "https://cdn0.woolworths.media/content/wowproductimages/large/116520.jpg",
          "IsNew": false,
          "IsOnSpecial": false,
          "InstoreIsOnSpecial": false,
          "IsEdrSpecial": false,
          "SavingsAmount": 0,
          "InstoreSavingsAmount": 0,
          "WasPrice": 9,
          "InstoreWasPrice": 9,
          "QuantityInTrolley": 0,
          "Unit": "Each",
          "MinimumQuantity": 1,
          "HasBeenBoughtBefore": false,
          "IsInTrolley": false,
          "Source": "Aisle.Freezer",
          "SupplyLimit": 36,
          "IsRanged": false,
          "IsInStock": true,
          "PackageSize": "473ml",
          "IsPmDelivery": false,
          "IsForCollection": true,
          "IsForDelivery": true,
          "IsForExpress": false,
          "ProductRestrictionMessage": null,
          "ProductWarningMessage": null,
          "CentreTag": {
            "TagContent": "<span style=\"COLOR: #e2001a\"> Was $10.00 05/08/2019</span>",
            "TagLink": null,
            "FallbackText": null,
            "TagType": "Html",
            "MultibuyData": null
          },
          "IsCentreTag": true,
          "ImageTag": {
            "TagContent": null,
            "TagLink": null,
            "FallbackText": "",
            "TagType": "None",
            "MultibuyData": null
          },
          "HeaderTag": {
            "BackgroundColor": "#fff",
            "BorderColor": "#c20016",
            "TextColor": "#c20016",
            "Content": "<span class=\"u-semibold\">Prices dropped</span>",
            "TagLink": null,
            "Promotion": "PriceDropped"
          },
          "HasHeaderTag": true,
          "UnitWeightInGrams": 301,
          "SupplyLimitMessage": "'Halo Top Plant Based Choc Chip Cookie Dough Frozen Dessert' has a supply limit of 36. The quantity in your cart has been reduced accordingly. To purchase a larger quantity, please contact us on 1800 000 610. Please note we do not supply trade orders.",
          "SmallFormatDescription": "Halo Top Plant Based Choc Chip Cookie Dough Frozen Dessert",
          "FullDescription": "Halo Top Plant Based Choc Chip Cookie Dough Frozen Dessert",
          "IsAvailable": true,
          "InstoreIsAvailable": true,
          "IsPurchasable": true,
          "InstoreIsPurchasable": true,
          "AgeRestricted": false,
          "DisplayQuantity": 1,
          "RichDescription": null,
          "IsDeliveryPass": false,
          "HideWasSavedPrice": false,
          "SapCategories": null,
          "Brand": "halo",
          "IsRestrictedByDeliveryMethod": false,
          "FooterTag": {
            "TagContent": "<div class=\"productTag-pricedropped\" style=\"\r\nheight:46px;\r\nposition:absolute;\r\ntop:-4px;\r\nleft:0;\r\nwidth:100%;\r\nbackground:white;\r\noutline: 1px solid #c20016;\r\ntext-align:center;\">\r\n\r\n<img src=\"https://cdn0.woolworths.media/content/content/pricedropped-footer-transparent.png\" width=\"204px\" height=\"16px\" alt=\"Price Dropped\" style=\"display:inline-block;margin-top:15px;max-width: 100%;\">\r\n</div>",
            "TagLink": null,
            "FallbackText": null,
            "TagType": "Html",
            "MultibuyData": null
          },
          "IsFooterEnabled": true,
          "Diagnostics": "161",
          "IsBundle": false,
          "IsInFamily": false,
          "ChildProducts": [],
          "UrlOverride": null,
          "AdditionalAttributes": {
            "sapdepartmentname": "GROCERIES",
            "sapdepartmentno": "5",
            "sapcategoryname": "ICE CREAM",
            "sapcategoryno": "94",
            "sapsubcategoryname": "FREEZER - ICE CREAM TAKE HOME",
            "sapsubcategoryno": "107",
            "sapsegmentname": "FUNCTIONAL - CALORIE CONTROLLED TUBS",
            "sapsegmentno": "1",
            "specialsgroupid": null,
            "PiesProductDepartmentNodeId": "1_ACA2FC2",
            "PiesProductDepartmentsjson": "[{\"Id\":\"1_ACA2FC2\",\"Description\":\"Freezer\"}]",
            "piesdepartmentnamesjson": "[\"Freezer\"]",
            "piescategorynamesjson": "[\"Ice Cream\"]",
            "piessubcategorynamesjson": "[\"Ice Cream Tubs\"]",
            "servingsize-total-nip": null,
            "servingsperpack-total-nip": null,
            "microwaveable": "False",
            "ovencook": "False",
            "vegetarian": "False",
            "freezable": "False",
            "containsnuts": "False",
            "containsgluten": "False",
            "description": null,
            "ingredients": null,
            "nutritionalinformation": "{\"Name\":\"Nutritional Information\",\"Attributes\":[{\"Id\":544,\"Name\":\"Servings Per Pack - Total - NIP\",\"Value\":\"4\",\"Description\":\"Servings Per Pack - Total - NIP\",\"SortOrder\":611}]}",
            "storageinstructions": null,
            "usageinstructions": null,
            "brand": "halo",
            "manufacturer": null,
            "countryoforigin": null,
            "productheightmm": null,
            "productwidthmm": null,
            "productdepthmm": null,
            "wool_productpackaging": null,
            "recyclableinformation": null,
            "importantinformation": null,
            "allergencontains": null,
            "allergenmaybepresent": null,
            "allergystatement": null,
            "lifestyleanddietarystatement": null,
            "lifestyleclaim": null,
            "wool_dietaryclaim": null,
            "boxedcontents": null,
            "suitablefor": null,
            "fragrance": null,
            "colour": null,
            "antioxidant": "False",
            "addedvitaminsandminerals": "False",
            "bpafree": "False",
            "sulfatefree": "False",
            "parabenfree": "False",
            "claims": null,
            "alcoholfree": null,
            "anti-dandruff": null,
            "dermatologicallyapproved": null,
            "dermatologistrecommended": null,
            "dermatologisttested": null,
            "fragrance-free": null,
            "haircolour": null,
            "hairtype": null,
            "hypo-allergenic": null,
            "non-comedogenic": null,
            "oilfree": null,
            "ophthalmologistapproved": null,
            "ophthalmologisttested": null,
            "paba-free": null,
            "skincondition": null,
            "skintype": null,
            "soap-free": null,
            "spf": null,
            "sweatresistant": null,
            "timer": null,
            "waterresistant": null,
            "phbalanced": null,
            "antiseptic": "False",
            "antibacterial": "False",
            "activeconstituents": null,
            "contains": null,
            "microwavesafe": "False",
            "productimagecount": "1",
            "friendlydisclaimer": null,
            "productimages": "116520.jpg",
            "healthstarrating": "0",
            "tgawarnings": null,
            "vendorarticleid": null,
            "vendorcostprice": null,
            "tgawarning": null
          },
          "DetailsImagePaths": [
            "https://cdn0.woolworths.media/content/wowproductimages/large/116520.jpg"
          ],
          "Variety": "cookie dough frozen dessert",
          "Rating": {
            "ReviewCount": 0,
            "RatingCount": 0,
            "RatingSum": 0,
            "OneStarCount": 0,
            "TwoStarCount": 0,
            "ThreeStarCount": 0,
            "FourStarCount": 0,
            "FiveStarCount": 0,
            "Average": 0,
            "OneStarPercentage": 0,
            "TwoStarPercentage": 0,
            "ThreeStarPercentage": 0,
            "FourStarPercentage": 0,
            "FiveStarPercentage": 0
          },
          "HasProductSubs": false,
          "IsSponsoredAd": false,
          "AdID": null,
          "AdIndex": null,
          "ThirdPartyProductInfo": null,
          "MarketFeatures": null,
          "MarketSpecifications": null
        }
      ],
      "Name": "Halo Top Plant Based Choc Chip Cookie Dough Frozen Dessert"
    },
    {
      "Products": [
        {
          "TileID": 0,
          "Stockcode": 117319,
          "Barcode": "76840002825",
          "GtinFormat": 0,
          "CupPrice": 1.97,
          "InstoreCupPrice": 1.97,
          "CupMeasure": "100ML",
          "CupString": "$1.97 / 100ML",
          "InstoreCupString": "$1.97 / 100ML",
          "HasCupPrice": true,
          "InstoreHasCupPrice": true,
          "Price": 9,
          "InstorePrice": 9,
          "Name": "Ben & Jerry's Unfudge Future Non Dairy Frozen Dessert",
          "UrlFriendlyName": "ben-jerry-s-unfudge-future-non-dairy-frozen-dessert",
          "Description": " Ben & Jerry's Unfudge Future<br>Non Dairy Frozen... 458ml",
          "SmallImageFile": "https://cdn0.woolworths.media/content/wowproductimages/small/117319.jpg",
          "MediumImageFile": "https://cdn0.woolworths.media/content/wowproductimages/medium/117319.jpg",
          "LargeImageFile": "https://cdn0.woolworths.media/content/wowproductimages/large/117319.jpg",
          "IsNew": false,
          "IsOnSpecial": true,
          "InstoreIsOnSpecial": true,
          "IsEdrSpecial": false,
          "SavingsAmount": 3,
          "InstoreSavingsAmount": 3,
          "WasPrice": 12,
          "InstoreWasPrice": 12,
          "QuantityInTrolley": 0,
          "Unit": "Each",
          "MinimumQuantity": 1,
          "HasBeenBoughtBefore": false,
          "IsInTrolley": false,
          "Source": "Aisle.Freezer",
          "SupplyLimit": 36,
          "IsRanged": false,
          "IsInStock": true,
          "PackageSize": "458ml",
          "IsPmDelivery": false,
          "IsForCollection": true,
          "IsForDelivery": true,
          "IsForExpress": false,
          "ProductRestrictionMessage": null,
          "ProductWarningMessage": null,
          "CentreTag": {
            "TagContent": null,
            "TagLink": null,
            "FallbackText": null,
            "TagType": "None",
            "MultibuyData": null
          },
          "IsCentreTag": false,
          "ImageTag": {
            "TagContent": "/content/promotiontags/roundel-special-200x200.png",
            "TagLink": "",
            "FallbackText": "On Special",
            "TagType": "None",
            "MultibuyData": null
          },
          "HeaderTag": {
            "BackgroundColor": "#fd0",
            "BorderColor": "#fd0",
            "TextColor": "#000",
            "Content": "Save $3.00",
            "TagLink": null,
            "Promotion": "Special"
          },
          "HasHeaderTag": true,
          "UnitWeightInGrams": 449,
          "SupplyLimitMessage": "'Ben & Jerry's Unfudge Future Non Dairy Frozen Dessert' has a supply limit of 36. The quantity in your cart has been reduced accordingly. To purchase a larger quantity, please contact us on 1800 000 610. Please note we do not supply trade orders.",
          "SmallFormatDescription": "Ben & Jerry's Unfudge Future Non Dairy Frozen Dessert",
          "FullDescription": "Ben & Jerry's Unfudge Future Non Dairy Frozen Dessert",
          "IsAvailable": true,
          "InstoreIsAvailable": true,
          "IsPurchasable": true,
          "InstoreIsPurchasable": true,
          "AgeRestricted": false,
          "DisplayQuantity": 1,
          "RichDescription": "<p>Ben & Jerrys Non-Dairy Frozen Dessert Unfudge Our Future 458 ML <br/> Unfudge our Future isn't just a tasty new vegan flavour you can't miss, it's a climate crisis call to action you can't ignore. Climate change is a big problem for Australia as we have some of the highest per capita emissions of CO2 in the world. That is why Ben & Jerrys has teamed up with climate leaders 350.org Australia to call on our nations leaders to Unfudge Our Future and make fossil fuels history. There is no Planet B, which is why we will also be donating a portion of the proceeds of each pint to this movement fighting for our future.<br/><br/>This non dairy and vegan icecream flavour is full of Chocolate and Peanut butter, Fudge Brownies & chunks of peanut butter cookie dough and with each fudgey bite is a chunky call to rebuild a clean, resilient and fair Australia! What really sets Ben & Jerrys apart from the herd is a deep commitment to social and environmental change. Ever since our co-founders started churning up ice cream back in 1978, we have been fighting for social and environmental justice  and this pint is certainly no different!<br/><br/><br/> Ben & Jerry's Un-fudge Our Future Non-Dairy Frozen Dessert <br/> Ben & Jerry's Chocolate & Peanut Butter Frozen Dessert with Fudge Brownies & Chunks of Peanut Butter Cookie Dough <br/> Ben & Jerry's includes Fairtrade certified sugar, cocoa, & vanilla <br/> Ben & Jerry's Non-Dairy flavour creations are made with almond milk. <br/> Ben & Jerry's is Kosher certified & Vegan <br/> Ben & Jerrys uses responsibly sourced packaging.</p>",
          "IsDeliveryPass": false,
          "HideWasSavedPrice": false,
          "SapCategories": null,
          "Brand": "ben & jerry's",
          "IsRestrictedByDeliveryMethod": false,
          "FooterTag": {
            "TagContent": null,
            "TagLink": null,
            "FallbackText": null,
            "TagType": "None",
            "MultibuyData": null
          },
          "IsFooterEnabled": false,
          "Diagnostics": "162",
          "IsBundle": false,
          "IsInFamily": false,
          "ChildProducts": [],
          "UrlOverride": null,
          "AdditionalAttributes": {
            "sapdepartmentname": "GROCERIES",
            "sapdepartmentno": "5",
            "sapcategoryname": "ICE CREAM",
            "sapcategoryno": "94",
            "sapsubcategoryname": "FREEZER - ICE CREAM TAKE HOME",
            "sapsubcategoryno": "107",
            "sapsegmentname": "SUPER PREMIUM BELOW 500ML",
            "sapsegmentno": "12",
            "specialsgroupid": null,
            "PiesProductDepartmentNodeId": "1_ACA2FC2",
            "PiesProductDepartmentsjson": "[{\"Id\":\"1_ACA2FC2\",\"Description\":\"Freezer\"}]",
            "piesdepartmentnamesjson": "[\"Freezer\"]",
            "piescategorynamesjson": "[\"Ice Cream\"]",
            "piessubcategorynamesjson": "[\"Premium Ice Cream\"]",
            "servingsize-total-nip": null,
            "servingsperpack-total-nip": null,
            "microwaveable": "False",
            "ovencook": "False",
            "vegetarian": "False",
            "freezable": "False",
            "containsnuts": "False",
            "containsgluten": "False",
            "description": "<p>Ben & Jerrys Non-Dairy Frozen Dessert Unfudge Our Future 458 ML <br/> Unfudge our Future isn't just a tasty new vegan flavour you can't miss, it's a climate crisis call to action you can't ignore. Climate change is a big problem for Australia as we have some of the highest per capita emissions of CO2 in the world. That is why Ben & Jerrys has teamed up with climate leaders 350.org Australia to call on our nations leaders to Unfudge Our Future and make fossil fuels history. There is no Planet B, which is why we will also be donating a portion of the proceeds of each pint to this movement fighting for our future.<br/><br/>This non dairy and vegan icecream flavour is full of Chocolate and Peanut butter, Fudge Brownies & chunks of peanut butter cookie dough and with each fudgey bite is a chunky call to rebuild a clean, resilient and fair Australia! What really sets Ben & Jerrys apart from the herd is a deep commitment to social and environmental change. Ever since our co-founders started churning up ice cream back in 1978, we have been fighting for social and environmental justice  and this pint is certainly no different!<br/><br/><br/> Ben & Jerry's Un-fudge Our Future Non-Dairy Frozen Dessert <br/> Ben & Jerry's Chocolate & Peanut Butter Frozen Dessert with Fudge Brownies & Chunks of Peanut Butter Cookie Dough <br/> Ben & Jerry's includes Fairtrade certified sugar, cocoa, & vanilla <br/> Ben & Jerry's Non-Dairy flavour creations are made with almond milk. <br/> Ben & Jerry's is Kosher certified & Vegan <br/> Ben & Jerrys uses responsibly sourced packaging.</p>",
            "ingredients": null,
            "nutritionalinformation": null,
            "storageinstructions": null,
            "usageinstructions": null,
            "brand": "ben & jerry's",
            "manufacturer": null,
            "countryoforigin": null,
            "productheightmm": null,
            "productwidthmm": null,
            "productdepthmm": null,
            "wool_productpackaging": null,
            "recyclableinformation": null,
            "importantinformation": null,
            "allergencontains": null,
            "allergenmaybepresent": null,
            "allergystatement": null,
            "lifestyleanddietarystatement": "Fair Trade",
            "lifestyleclaim": null,
            "wool_dietaryclaim": null,
            "boxedcontents": null,
            "suitablefor": null,
            "fragrance": null,
            "colour": null,
            "antioxidant": "False",
            "addedvitaminsandminerals": "False",
            "bpafree": "False",
            "sulfatefree": "False",
            "parabenfree": "False",
            "claims": null,
            "alcoholfree": null,
            "anti-dandruff": null,
            "dermatologicallyapproved": null,
            "dermatologistrecommended": null,
            "dermatologisttested": null,
            "fragrance-free": null,
            "haircolour": null,
            "hairtype": null,
            "hypo-allergenic": null,
            "non-comedogenic": null,
            "oilfree": null,
            "ophthalmologistapproved": null,
            "ophthalmologisttested": null,
            "paba-free": null,
            "skincondition": null,
            "skintype": null,
            "soap-free": null,
            "spf": null,
            "sweatresistant": null,
            "timer": null,
            "waterresistant": null,
            "phbalanced": null,
            "antiseptic": "False",
            "antibacterial": "False",
            "activeconstituents": null,
            "contains": null,
            "microwavesafe": "False",
            "productimagecount": "4",
            "friendlydisclaimer": null,
            "productimages": "117319.jpg,117319_2.jpg,117319_5.jpg,117319_10.jpg",
            "healthstarrating": "0",
            "tgawarnings": null,
            "vendorarticleid": null,
            "vendorcostprice": null,
            "tgawarning": null
          },
          "DetailsImagePaths": [
            "https://cdn0.woolworths.media/content/wowproductimages/large/117319.jpg",
            "https://cdn0.woolworths.media/content/wowproductimages/large/117319_10.jpg",
            "https://cdn0.woolworths.media/content/wowproductimages/large/117319_2.jpg",
            "https://cdn0.woolworths.media/content/wowproductimages/large/117319_5.jpg"
          ],
          "Variety": "frozen dessert",
          "Rating": {
            "ReviewCount": 0,
            "RatingCount": 0,
            "RatingSum": 0,
            "OneStarCount": 0,
            "TwoStarCount": 0,
            "ThreeStarCount": 0,
            "FourStarCount": 0,
            "FiveStarCount": 0,
            "Average": 0,
            "OneStarPercentage": 0,
            "TwoStarPercentage": 0,
            "ThreeStarPercentage": 0,
            "FourStarPercentage": 0,
            "FiveStarPercentage": 0
          },
          "HasProductSubs": false,
          "IsSponsoredAd": false,
          "AdID": null,
          "AdIndex": null,
          "ThirdPartyProductInfo": null,
          "MarketFeatures": null,
          "MarketSpecifications": null
        }
      ],
      "Name": "Ben & Jerry's Unfudge Future Non Dairy Frozen Dessert"
    },
    {
      "Products": [
        {
          "TileID": 0,
          "Stockcode": 120288,
          "Barcode": "9300830061464",
          "GtinFormat": 13,
          "CupPrice": 1.97,
          "InstoreCupPrice": 1.97,
          "CupMeasure": "100ML",
          "CupString": "$1.97 / 100ML",
          "InstoreCupString": "$1.97 / 100ML",
          "HasCupPrice": true,
          "InstoreHasCupPrice": true,
          "Price": 9,
          "InstorePrice": 9,
          "Name": "Ben & Jerry's Chocolate Therapy Tub",
          "UrlFriendlyName": "ben-jerry-s-chocolate-therapy-tub",
          "Description": " Ben & Jerry's Chocolate<br>Therapy Tub  458ml",
          "SmallImageFile": "https://cdn0.woolworths.media/content/wowproductimages/small/120288.jpg",
          "MediumImageFile": "https://cdn0.woolworths.media/content/wowproductimages/medium/120288.jpg",
          "LargeImageFile": "https://cdn0.woolworths.media/content/wowproductimages/large/120288.jpg",
          "IsNew": false,
          "IsOnSpecial": true,
          "InstoreIsOnSpecial": true,
          "IsEdrSpecial": false,
          "SavingsAmount": 3,
          "InstoreSavingsAmount": 3,
          "WasPrice": 12,
          "InstoreWasPrice": 12,
          "QuantityInTrolley": 0,
          "Unit": "Each",
          "MinimumQuantity": 1,
          "HasBeenBoughtBefore": false,
          "IsInTrolley": false,
          "Source": "Aisle.Freezer",
          "SupplyLimit": 36,
          "IsRanged": false,
          "IsInStock": true,
          "PackageSize": "458ml",
          "IsPmDelivery": false,
          "IsForCollection": true,
          "IsForDelivery": true,
          "IsForExpress": false,
          "ProductRestrictionMessage": null,
          "ProductWarningMessage": null,
          "CentreTag": {
            "TagContent": null,
            "TagLink": null,
            "FallbackText": null,
            "TagType": "None",
            "MultibuyData": null
          },
          "IsCentreTag": false,
          "ImageTag": {
            "TagContent": "/content/promotiontags/roundel-special-200x200.png",
            "TagLink": "",
            "FallbackText": "On Special",
            "TagType": "None",
            "MultibuyData": null
          },
          "HeaderTag": {
            "BackgroundColor": "#fd0",
            "BorderColor": "#fd0",
            "TextColor": "#000",
            "Content": "Save $3.00",
            "TagLink": null,
            "Promotion": "Special"
          },
          "HasHeaderTag": true,
          "UnitWeightInGrams": 449,
          "SupplyLimitMessage": "'Ben & Jerry's Chocolate Therapy Tub' has a supply limit of 36. The quantity in your cart has been reduced accordingly. To purchase a larger quantity, please contact us on 1800 000 610. Please note we do not supply trade orders.",
          "SmallFormatDescription": "Ben & Jerry's Chocolate Therapy Tub ",
          "FullDescription": "Ben & Jerry's Chocolate Therapy Tub ",
          "IsAvailable": true,
          "InstoreIsAvailable": true,
          "IsPurchasable": true,
          "InstoreIsPurchasable": true,
          "AgeRestricted": false,
          "DisplayQuantity": 1,
          "RichDescription": "BEN & JERRY`S ICE CREAM CHOCOLATE THERAPY 458 ML <br> Rich and creamy chocolate icecream with chunks of chocolate cookies and swirls of chocolate pudding ice cream dessert. This beyond euphoric flavour is just the cure youve been craving!<br /> <br /> You know how sometimes you just want to scream? Sure, you could just scream, or you could grab a spoon, get a grip, and treat yourself to some primal s'cream therapy of the most sublime chocolate kind. Clinically proven by our Flavor Gurus to cure all wants and woes, Ben & Jerrys Chocolate Therapy ice cream has been a fan-favorite remedy since 2005.<br /> <br /> Chocolate on chocolate on chocolate, its proof that you cant have too much of a good thing. Ok, sure, maybe self-control is something we all learn as children, but come on! Sometimes you just have to let loose and live. And that is exactly why we created this overly outrageous ice cream flavor. And the creamy chocolate pudding swirl? Thats just our way of saying, thanks for listening.<br /> <br /> The healing powers of Chocolate Therapy go far beyond your freezer. Like all of Ben & Jerrys super premium ice cream pints and frozen desserts, it features only non-GMO sourced ingredients, cage-free eggs, and Fairtrade certified cocoa, sugar, and vanilla. This ice cream tub, like every pint we make, also features responsibly sourced packaging. <br> Ben & Jerry's Chocolate Therapy Ice Cream Tub <br> Chocolate Ice Cream with Chocolate Cookies & Swirls of Chocolate Pudding Ice Cream <br> Ice Cream includes Fairtrade certified sugar, cocoa and vanilla <br> All of Ben & Jerrys ice cream is made with cage-free eggs. <br> Ben & Jerrys Ice cream is Certified Kosher <br> Ben & Jerrys Ice cream uses responsibly sourced packaging",
          "IsDeliveryPass": false,
          "HideWasSavedPrice": false,
          "SapCategories": null,
          "Brand": "ben & jerry's",
          "IsRestrictedByDeliveryMethod": false,
          "FooterTag": {
            "TagContent": null,
            "TagLink": null,
            "FallbackText": null,
            "TagType": "None",
            "MultibuyData": null
          },
          "IsFooterEnabled": false,
          "Diagnostics": "163",
          "IsBundle": false,
          "IsInFamily": false,
          "ChildProducts": [],
          "UrlOverride": null,
          "AdditionalAttributes": {
            "sapdepartmentname": "GROCERIES",
            "sapdepartmentno": "5",
            "sapcategoryname": "ICE CREAM",
            "sapcategoryno": "94",
            "sapsubcategoryname": "FREEZER - ICE CREAM TAKE HOME",
            "sapsubcategoryno": "107",
            "sapsegmentname": "SUPER PREMIUM BELOW 500ML",
            "sapsegmentno": "12",
            "specialsgroupid": null,
            "PiesProductDepartmentNodeId": "1_ACA2FC2",
            "PiesProductDepartmentsjson": "[{\"Id\":\"1_ACA2FC2\",\"Description\":\"Freezer\"}]",
            "piesdepartmentnamesjson": "[\"Freezer\"]",
            "piescategorynamesjson": "[\"Ice Cream\"]",
            "piessubcategorynamesjson": "[\"Premium Ice Cream\"]",
            "servingsize-total-nip": null,
            "servingsperpack-total-nip": null,
            "microwaveable": "False",
            "ovencook": "False",
            "vegetarian": "False",
            "freezable": "False",
            "containsnuts": "False",
            "containsgluten": "False",
            "description": "BEN & JERRY`S ICE CREAM CHOCOLATE THERAPY 458 ML <br> Rich and creamy chocolate icecream with chunks of chocolate cookies and swirls of chocolate pudding ice cream dessert. This beyond euphoric flavour is just the cure youve been craving!<br /> <br /> You know how sometimes you just want to scream? Sure, you could just scream, or you could grab a spoon, get a grip, and treat yourself to some primal s'cream therapy of the most sublime chocolate kind. Clinically proven by our Flavor Gurus to cure all wants and woes, Ben & Jerrys Chocolate Therapy ice cream has been a fan-favorite remedy since 2005.<br /> <br /> Chocolate on chocolate on chocolate, its proof that you cant have too much of a good thing. Ok, sure, maybe self-control is something we all learn as children, but come on! Sometimes you just have to let loose and live. And that is exactly why we created this overly outrageous ice cream flavor. And the creamy chocolate pudding swirl? Thats just our way of saying, thanks for listening.<br /> <br /> The healing powers of Chocolate Therapy go far beyond your freezer. Like all of Ben & Jerrys super premium ice cream pints and frozen desserts, it features only non-GMO sourced ingredients, cage-free eggs, and Fairtrade certified cocoa, sugar, and vanilla. This ice cream tub, like every pint we make, also features responsibly sourced packaging. <br> Ben & Jerry's Chocolate Therapy Ice Cream Tub <br> Chocolate Ice Cream with Chocolate Cookies & Swirls of Chocolate Pudding Ice Cream <br> Ice Cream includes Fairtrade certified sugar, cocoa and vanilla <br> All of Ben & Jerrys ice cream is made with cage-free eggs. <br> Ben & Jerrys Ice cream is Certified Kosher <br> Ben & Jerrys Ice cream uses responsibly sourced packaging",
            "ingredients": null,
            "nutritionalinformation": null,
            "storageinstructions": null,
            "usageinstructions": null,
            "brand": "ben & jerry's",
            "manufacturer": null,
            "countryoforigin": null,
            "productheightmm": null,
            "productwidthmm": null,
            "productdepthmm": null,
            "wool_productpackaging": null,
            "recyclableinformation": null,
            "importantinformation": null,
            "allergencontains": null,
            "allergenmaybepresent": null,
            "allergystatement": null,
            "lifestyleanddietarystatement": "Fair Trade",
            "lifestyleclaim": null,
            "wool_dietaryclaim": null,
            "boxedcontents": null,
            "suitablefor": null,
            "fragrance": null,
            "colour": null,
            "antioxidant": "False",
            "addedvitaminsandminerals": "False",
            "bpafree": "False",
            "sulfatefree": "False",
            "parabenfree": "False",
            "claims": null,
            "alcoholfree": null,
            "anti-dandruff": null,
            "dermatologicallyapproved": null,
            "dermatologistrecommended": null,
            "dermatologisttested": null,
            "fragrance-free": null,
            "haircolour": null,
            "hairtype": null,
            "hypo-allergenic": null,
            "non-comedogenic": null,
            "oilfree": null,
            "ophthalmologistapproved": null,
            "ophthalmologisttested": null,
            "paba-free": null,
            "skincondition": null,
            "skintype": null,
            "soap-free": null,
            "spf": null,
            "sweatresistant": null,
            "timer": null,
            "waterresistant": null,
            "phbalanced": null,
            "antiseptic": "False",
            "antibacterial": "False",
            "activeconstituents": null,
            "contains": null,
            "microwavesafe": "False",
            "productimagecount": "4",
            "friendlydisclaimer": null,
            "productimages": "120288.jpg,120288_2.jpg,120288_7.jpg,120288_8.jpg",
            "healthstarrating": "0",
            "tgawarnings": null,
            "vendorarticleid": null,
            "vendorcostprice": null,
            "tgawarning": null
          },
          "DetailsImagePaths": [
            "https://cdn0.woolworths.media/content/wowproductimages/large/120288.jpg",
            "https://cdn0.woolworths.media/content/wowproductimages/large/120288_2.jpg",
            "https://cdn0.woolworths.media/content/wowproductimages/large/120288_7.jpg",
            "https://cdn0.woolworths.media/content/wowproductimages/large/120288_8.jpg"
          ],
          "Variety": null,
          "Rating": {
            "ReviewCount": 0,
            "RatingCount": 0,
            "RatingSum": 0,
            "OneStarCount": 0,
            "TwoStarCount": 0,
            "ThreeStarCount": 0,
            "FourStarCount": 0,
            "FiveStarCount": 0,
            "Average": 0,
            "OneStarPercentage": 0,
            "TwoStarPercentage": 0,
            "ThreeStarPercentage": 0,
            "FourStarPercentage": 0,
            "FiveStarPercentage": 0
          },
          "HasProductSubs": false,
          "IsSponsoredAd": false,
          "AdID": null,
          "AdIndex": null,
          "ThirdPartyProductInfo": null,
          "MarketFeatures": null,
          "MarketSpecifications": null
        }
      ],
      "Name": "Ben & Jerry's Chocolate Therapy Tub"
    },
    {
      "Products": [
        {
          "TileID": 0,
          "Stockcode": 134671,
          "Barcode": "8711327483521",
          "GtinFormat": 13,
          "CupPrice": 1.97,
          "InstoreCupPrice": 1.97,
          "CupMeasure": "100ML",
          "CupString": "$1.97 / 100ML",
          "InstoreCupString": "$1.97 / 100ML",
          "HasCupPrice": true,
          "InstoreHasCupPrice": true,
          "Price": 9,
          "InstorePrice": 9,
          "Name": "Ben & Jerry's Cookie Dough Swich Up Tub",
          "UrlFriendlyName": "ben-jerry-s-cookie-dough-swich-up-tub",
          "Description": " Ben & Jerry's Cookie Dough<br>Swich Up Tub 458ml",
          "SmallImageFile": "https://cdn0.woolworths.media/content/wowproductimages/small/134671.jpg",
          "MediumImageFile": "https://cdn0.woolworths.media/content/wowproductimages/medium/134671.jpg",
          "LargeImageFile": "https://cdn0.woolworths.media/content/wowproductimages/large/134671.jpg",
          "IsNew": true,
          "IsOnSpecial": true,
          "InstoreIsOnSpecial": true,
          "IsEdrSpecial": false,
          "SavingsAmount": 3,
          "InstoreSavingsAmount": 3,
          "WasPrice": 12,
          "InstoreWasPrice": 12,
          "QuantityInTrolley": 0,
          "Unit": "Each",
          "MinimumQuantity": 1,
          "HasBeenBoughtBefore": false,
          "IsInTrolley": false,
          "Source": "Aisle.Freezer",
          "SupplyLimit": 36,
          "IsRanged": false,
          "IsInStock": true,
          "PackageSize": "458ml",
          "IsPmDelivery": false,
          "IsForCollection": true,
          "IsForDelivery": true,
          "IsForExpress": false,
          "ProductRestrictionMessage": null,
          "ProductWarningMessage": null,
          "CentreTag": {
            "TagContent": null,
            "TagLink": null,
            "FallbackText": null,
            "TagType": "None",
            "MultibuyData": null
          },
          "IsCentreTag": false,
          "ImageTag": {
            "TagContent": "/content/promotiontags/roundel-special-200x200.png",
            "TagLink": "",
            "FallbackText": "On Special",
            "TagType": "None",
            "MultibuyData": null
          },
          "HeaderTag": {
            "BackgroundColor": "#fd0",
            "BorderColor": "#fd0",
            "TextColor": "#000",
            "Content": "Save $3.00",
            "TagLink": null,
            "Promotion": "Special"
          },
          "HasHeaderTag": true,
          "UnitWeightInGrams": 421,
          "SupplyLimitMessage": "'Ben & Jerry's Cookie Dough Swich Up Tub' has a supply limit of 36. The quantity in your cart has been reduced accordingly. To purchase a larger quantity, please contact us on 1800 000 610. Please note we do not supply trade orders.",
          "SmallFormatDescription": "Ben & Jerry's Cookie Dough Swich Up Tub",
          "FullDescription": "Ben & Jerry's Cookie Dough Swich Up Tub",
          "IsAvailable": true,
          "InstoreIsAvailable": true,
          "IsPurchasable": true,
          "InstoreIsPurchasable": true,
          "AgeRestricted": false,
          "DisplayQuantity": 1,
          "RichDescription": "BEN & JERRY'S ICE CREAM SWICH UP 458 ML<BR><BR>Ben & Jerry's Cookie Dough S'Wich Up Ice Cream Tub is dough-licious with a base of vanilla ice cream, chocolatey cookie swirls, chocolatey cookie sandwiches AND cookie dough chunks in a legen-dairy pint!<br /> <br /> Its our original Chocolate Chip Cookie Dough pint, with even more cookie! <br /> Our first Cookie Dough flavour came to us as an anonymous submission by one of our fans in 1984 at our very first Scoop Shop in Burlington, Vermont USA. The folks at the Scoop Shop immediately went to work mixing up a batch of Cookie Dough ice cream. It was an instant hit. It took seven years of delicious, if painstaking, work to bring Cookie Dough to freezer aisles everywhere. Why? We had to make sure it was perfect! <br /> <br /> Now 25 years on, we wondered how could we make it even-more-cookier! Our Flavour Guru's turned the cookie-o-meter right up to concoct this dough-licious dessert of frozen vanilla ice cream with chocolatey cookie sandwiches, a swirl of chocolatey cookies (& of course, cookie dough chunks!) in this new Cookie Dough SWich Up. We think its cookie sandwich-tastic...& hope you love this sweet sweet dessert as much as we do! Cookies & ice cream...good together, any Wich way! <br /> <br /> We work with Fairtrade certified producers using their cocoa, sugar and vanilla. All of Ben & Jerry's ice cream is made with free-range eggs, and we always use responsibly sourced packaging.<BR><BR>Ben & Jerry's Cookie Dough S'Wich Up Ice Cream Tub<BR><BR>Vanilla ice cream with a chocolatey cookie swirl, chocolatey cookie sandwiches & cookie dough chunks<BR><BR>Cookie Dough S'Wich Up ice cream includes Fairtrade certified cocoa, sugar and vanilla<BR><BR>All of Ben & Jerrys ice cream is made with cage-free eggs.<BR><BR>Kosher & Halal certified ice cream<BR><BR>Ben & Jerrys uses responsibly sourced packaging",
          "IsDeliveryPass": false,
          "HideWasSavedPrice": false,
          "SapCategories": null,
          "Brand": "ben & jerry's",
          "IsRestrictedByDeliveryMethod": false,
          "FooterTag": {
            "TagContent": null,
            "TagLink": null,
            "FallbackText": null,
            "TagType": "None",
            "MultibuyData": null
          },
          "IsFooterEnabled": false,
          "Diagnostics": "164",
          "IsBundle": false,
          "IsInFamily": false,
          "ChildProducts": [],
          "UrlOverride": null,
          "AdditionalAttributes": {
            "sapdepartmentname": "GROCERIES",
            "sapdepartmentno": "5",
            "sapcategoryname": "ICE CREAM",
            "sapcategoryno": "94",
            "sapsubcategoryname": "FREEZER - ICE CREAM TAKE HOME",
            "sapsubcategoryno": "107",
            "sapsegmentname": "SUPER PREMIUM BELOW 500ML",
            "sapsegmentno": "12",
            "specialsgroupid": null,
            "PiesProductDepartmentNodeId": "1_ACA2FC2",
            "PiesProductDepartmentsjson": "[{\"Id\":\"1_ACA2FC2\",\"Description\":\"Freezer\"}]",
            "piesdepartmentnamesjson": "[\"Freezer\"]",
            "piescategorynamesjson": "[\"Ice Cream\"]",
            "piessubcategorynamesjson": "[\"Premium Ice Cream\"]",
            "servingsize-total-nip": null,
            "servingsperpack-total-nip": null,
            "microwaveable": "False",
            "ovencook": "False",
            "vegetarian": "False",
            "freezable": "False",
            "containsnuts": "False",
            "containsgluten": "False",
            "description": "BEN & JERRY'S ICE CREAM SWICH UP 458 ML<BR><BR>Ben & Jerry's Cookie Dough S'Wich Up Ice Cream Tub is dough-licious with a base of vanilla ice cream, chocolatey cookie swirls, chocolatey cookie sandwiches AND cookie dough chunks in a legen-dairy pint!<br /> <br /> Its our original Chocolate Chip Cookie Dough pint, with even more cookie! <br /> Our first Cookie Dough flavour came to us as an anonymous submission by one of our fans in 1984 at our very first Scoop Shop in Burlington, Vermont USA. The folks at the Scoop Shop immediately went to work mixing up a batch of Cookie Dough ice cream. It was an instant hit. It took seven years of delicious, if painstaking, work to bring Cookie Dough to freezer aisles everywhere. Why? We had to make sure it was perfect! <br /> <br /> Now 25 years on, we wondered how could we make it even-more-cookier! Our Flavour Guru's turned the cookie-o-meter right up to concoct this dough-licious dessert of frozen vanilla ice cream with chocolatey cookie sandwiches, a swirl of chocolatey cookies (& of course, cookie dough chunks!) in this new Cookie Dough SWich Up. We think its cookie sandwich-tastic...& hope you love this sweet sweet dessert as much as we do! Cookies & ice cream...good together, any Wich way! <br /> <br /> We work with Fairtrade certified producers using their cocoa, sugar and vanilla. All of Ben & Jerry's ice cream is made with free-range eggs, and we always use responsibly sourced packaging.<BR><BR>Ben & Jerry's Cookie Dough S'Wich Up Ice Cream Tub<BR><BR>Vanilla ice cream with a chocolatey cookie swirl, chocolatey cookie sandwiches & cookie dough chunks<BR><BR>Cookie Dough S'Wich Up ice cream includes Fairtrade certified cocoa, sugar and vanilla<BR><BR>All of Ben & Jerrys ice cream is made with cage-free eggs.<BR><BR>Kosher & Halal certified ice cream<BR><BR>Ben & Jerrys uses responsibly sourced packaging",
            "ingredients": null,
            "nutritionalinformation": null,
            "storageinstructions": null,
            "usageinstructions": null,
            "brand": "ben & jerry's",
            "manufacturer": null,
            "countryoforigin": null,
            "productheightmm": null,
            "productwidthmm": null,
            "productdepthmm": null,
            "wool_productpackaging": null,
            "recyclableinformation": null,
            "importantinformation": null,
            "allergencontains": null,
            "allergenmaybepresent": null,
            "allergystatement": null,
            "lifestyleanddietarystatement": "Halal",
            "lifestyleclaim": null,
            "wool_dietaryclaim": null,
            "boxedcontents": null,
            "suitablefor": null,
            "fragrance": null,
            "colour": null,
            "antioxidant": "False",
            "addedvitaminsandminerals": "False",
            "bpafree": "False",
            "sulfatefree": "False",
            "parabenfree": "False",
            "claims": null,
            "alcoholfree": null,
            "anti-dandruff": null,
            "dermatologicallyapproved": null,
            "dermatologistrecommended": null,
            "dermatologisttested": null,
            "fragrance-free": null,
            "haircolour": null,
            "hairtype": null,
            "hypo-allergenic": null,
            "non-comedogenic": null,
            "oilfree": null,
            "ophthalmologistapproved": null,
            "ophthalmologisttested": null,
            "paba-free": null,
            "skincondition": null,
            "skintype": null,
            "soap-free": null,
            "spf": null,
            "sweatresistant": null,
            "timer": null,
            "waterresistant": null,
            "phbalanced": null,
            "antiseptic": "False",
            "antibacterial": "False",
            "activeconstituents": null,
            "contains": null,
            "microwavesafe": "False",
            "productimagecount": "2",
            "friendlydisclaimer": null,
            "productimages": "134671.jpg,134671_2.jpg",
            "healthstarrating": "0",
            "tgawarnings": null,
            "vendorarticleid": null,
            "vendorcostprice": null,
            "tgawarning": null
          },
          "DetailsImagePaths": [
            "https://cdn0.woolworths.media/content/wowproductimages/large/134671.jpg",
            "https://cdn0.woolworths.media/content/wowproductimages/large/134671_2.jpg"
          ],
          "Variety": "tub",
          "Rating": {
            "ReviewCount": 0,
            "RatingCount": 0,
            "RatingSum": 0,
            "OneStarCount": 0,
            "TwoStarCount": 0,
            "ThreeStarCount": 0,
            "FourStarCount": 0,
            "FiveStarCount": 0,
            "Average": 0,
            "OneStarPercentage": 0,
            "TwoStarPercentage": 0,
            "ThreeStarPercentage": 0,
            "FourStarPercentage": 0,
            "FiveStarPercentage": 0
          },
          "HasProductSubs": false,
          "IsSponsoredAd": false,
          "AdID": null,
          "AdIndex": null,
          "ThirdPartyProductInfo": null,
          "MarketFeatures": null,
          "MarketSpecifications": null
        }
      ],
      "Name": "Ben & Jerry's Cookie Dough Swich Up Tub"
    },
    {
      "Products": [
        {
          "TileID": 0,
          "Stockcode": 345039,
          "Barcode": "76840055357",
          "GtinFormat": 0,
          "CupPrice": 1.97,
          "InstoreCupPrice": 1.97,
          "CupMeasure": "100ML",
          "CupString": "$1.97 / 100ML",
          "InstoreCupString": "$1.97 / 100ML",
          "HasCupPrice": true,
          "InstoreHasCupPrice": true,
          "Price": 9,
          "InstorePrice": 9,
          "Name": "Ben & Jerry's Ice Cream Cookie Dough",
          "UrlFriendlyName": "ben-jerry-s-ice-cream-cookie-dough",
          "Description": " Ben & Jerry's Ice Cream<br>Cookie Dough 458ml tub",
          "SmallImageFile": "https://cdn0.woolworths.media/content/wowproductimages/small/345039.jpg",
          "MediumImageFile": "https://cdn0.woolworths.media/content/wowproductimages/medium/345039.jpg",
          "LargeImageFile": "https://cdn0.woolworths.media/content/wowproductimages/large/345039.jpg",
          "IsNew": false,
          "IsOnSpecial": true,
          "InstoreIsOnSpecial": true,
          "IsEdrSpecial": false,
          "SavingsAmount": 3,
          "InstoreSavingsAmount": 3,
          "WasPrice": 12,
          "InstoreWasPrice": 12,
          "QuantityInTrolley": 0,
          "Unit": "Each",
          "MinimumQuantity": 1,
          "HasBeenBoughtBefore": false,
          "IsInTrolley": false,
          "Source": "Aisle.Freezer",
          "SupplyLimit": 36,
          "IsRanged": false,
          "IsInStock": true,
          "PackageSize": "458ml tub",
          "IsPmDelivery": true,
          "IsForCollection": true,
          "IsForDelivery": true,
          "IsForExpress": false,
          "ProductRestrictionMessage": null,
          "ProductWarningMessage": null,
          "CentreTag": {
            "TagContent": null,
            "TagLink": null,
            "FallbackText": null,
            "TagType": "None",
            "MultibuyData": null
          },
          "IsCentreTag": false,
          "ImageTag": {
            "TagContent": "/content/promotiontags/roundel-special-200x200.png",
            "TagLink": "",
            "FallbackText": "On Special",
            "TagType": "None",
            "MultibuyData": null
          },
          "HeaderTag": {
            "BackgroundColor": "#fd0",
            "BorderColor": "#fd0",
            "TextColor": "#000",
            "Content": "Save $3.00",
            "TagLink": null,
            "Promotion": "Special"
          },
          "HasHeaderTag": true,
          "UnitWeightInGrams": 458,
          "SupplyLimitMessage": "'Ben & Jerry's Ice Cream Cookie Dough' has a supply limit of 36. The quantity in your cart has been reduced accordingly. To purchase a larger quantity, please contact us on 1800 000 610. Please note we do not supply trade orders.",
          "SmallFormatDescription": "Ben & Jerry's Ice Cream Cookie Dough",
          "FullDescription": "Ben & Jerry's Ice Cream Cookie Dough",
          "IsAvailable": true,
          "InstoreIsAvailable": true,
          "IsPurchasable": true,
          "InstoreIsPurchasable": true,
          "AgeRestricted": false,
          "DisplayQuantity": 1,
          "RichDescription": "<p>Ben & Jerrys Ice Cream Chocolate Chip Cookie Dough 458 ML <br/> Big delicious chunks of chocolate chip cookie dough surrounded by creamy vanilla icecream. It seems like such a no-brainer today, but in 1984 it was revolutionary. <br/><br/>The Cookie Dough you know and love started with a simple suggestion: What if you put chunks of chocolate chip cookie dough into vanilla ice cream? That was the amazing anonymous idea submitted way back in the early days of our first Burlington, Vermont, USA, Scoop Shop. We used to have a bulletin board where people could suggest new flavours for Jerry and Ben to makeand this idea stood out. The folks at the Scoop Shop immediately went to work mixing up a batch of Cookie Dough. It was an instant frozen dessert hit!<br/><br/>Initially, the flavour was only available at the Scoop Shop. When we decided to sell it in an ice cream tub size, we had to figure out how to get that familiar cookie-dough taste, consistency and texture at ice cream temperatures. We teamed up with Rhino Foods and, over an incredible six-year journey, we perfected the cookie dough found in our tubs today. In 1991, Cookie Dough began appearing in freezer aisles everywhere. It has remained one of our most popular and beloved flavours ever since! We get our cocoa, sugar and vanilla from Fairtrade certified producers, while Caring Dairy farmers provide all the milk and cream in this tub. Ben & Jerrys ice cream is made with non-GMO sourced ingredients and cage-free eggs. We also use responsibly sourced packaging. <br/> Ben & Jerry's Chocolate Chip Cookie Dough Ice Cream Pint <br/> Vanilla Ice Cream with Chunks of Chocolate Chip Cookie Dough <br/> Includes Fairtrade certified sugar, cocoa, & vanilla <br/> All of Ben & Jerrys ice cream is made with cage-free eggs. <br/> Kosher certified dairy <br/> Ben & Jerrys uses responsibly sourced packaging.</p>",
          "IsDeliveryPass": false,
          "HideWasSavedPrice": false,
          "SapCategories": null,
          "Brand": "ben & jerry's",
          "IsRestrictedByDeliveryMethod": false,
          "FooterTag": {
            "TagContent": null,
            "TagLink": null,
            "FallbackText": null,
            "TagType": "None",
            "MultibuyData": null
          },
          "IsFooterEnabled": true,
          "Diagnostics": "165",
          "IsBundle": false,
          "IsInFamily": false,
          "ChildProducts": [],
          "UrlOverride": null,
          "AdditionalAttributes": {
            "sapdepartmentname": "GROCERIES",
            "sapdepartmentno": "5",
            "sapcategoryname": "ICE CREAM",
            "sapcategoryno": "94",
            "sapsubcategoryname": "FREEZER - ICE CREAM TAKE HOME",
            "sapsubcategoryno": "107",
            "sapsegmentname": "SUPER PREMIUM BELOW 500ML",
            "sapsegmentno": "12",
            "specialsgroupid": null,
            "PiesProductDepartmentNodeId": "1_ACA2FC2",
            "PiesProductDepartmentsjson": "[{\"Id\":\"1_ACA2FC2\",\"Description\":\"Freezer\"}]",
            "piesdepartmentnamesjson": "[\"Freezer\"]",
            "piescategorynamesjson": "[\"Ice Cream\"]",
            "piessubcategorynamesjson": "[\"Ice Cream Tubs\",\"Premium Ice Cream\"]",
            "servingsize-total-nip": null,
            "servingsperpack-total-nip": null,
            "microwaveable": "False",
            "ovencook": "False",
            "vegetarian": "False",
            "freezable": "False",
            "containsnuts": "False",
            "containsgluten": "False",
            "description": "<p>Ben & Jerrys Ice Cream Chocolate Chip Cookie Dough 458 ML <br/> Big delicious chunks of chocolate chip cookie dough surrounded by creamy vanilla icecream. It seems like such a no-brainer today, but in 1984 it was revolutionary. <br/><br/>The Cookie Dough you know and love started with a simple suggestion: What if you put chunks of chocolate chip cookie dough into vanilla ice cream? That was the amazing anonymous idea submitted way back in the early days of our first Burlington, Vermont, USA, Scoop Shop. We used to have a bulletin board where people could suggest new flavours for Jerry and Ben to makeand this idea stood out. The folks at the Scoop Shop immediately went to work mixing up a batch of Cookie Dough. It was an instant frozen dessert hit!<br/><br/>Initially, the flavour was only available at the Scoop Shop. When we decided to sell it in an ice cream tub size, we had to figure out how to get that familiar cookie-dough taste, consistency and texture at ice cream temperatures. We teamed up with Rhino Foods and, over an incredible six-year journey, we perfected the cookie dough found in our tubs today. In 1991, Cookie Dough began appearing in freezer aisles everywhere. It has remained one of our most popular and beloved flavours ever since! We get our cocoa, sugar and vanilla from Fairtrade certified producers, while Caring Dairy farmers provide all the milk and cream in this tub. Ben & Jerrys ice cream is made with non-GMO sourced ingredients and cage-free eggs. We also use responsibly sourced packaging. <br/> Ben & Jerry's Chocolate Chip Cookie Dough Ice Cream Pint <br/> Vanilla Ice Cream with Chunks of Chocolate Chip Cookie Dough <br/> Includes Fairtrade certified sugar, cocoa, & vanilla <br/> All of Ben & Jerrys ice cream is made with cage-free eggs. <br/> Kosher certified dairy <br/> Ben & Jerrys uses responsibly sourced packaging.</p>",
            "ingredients": "Cream, Concentrated Skim Milk, Liquid Sugar, Water, Unbleached Wheat Flour, Sugar, Brown Sugar, Egg Yolk, Butter, Soybean Oil, Eggs, Coconut Oil, Chocolate Liquor, Vanilla Extract, Cocoa Powder, Salt, Thickeners (Guar Gum, Carrageenan), Molasses, Cocoa Butter, Natural Flavours and Flavourings, Butter Oil, Emulsifier (Soybean Lecithin).            Contains milk, wheat, egg, and soybean         Made on equipment that also makes products which contain peanuts and tree nuts.",
            "nutritionalinformation": "{\"Name\":\"Nutritional Information\",\"Attributes\":[{\"Id\":705,\"Name\":\"Carbohydrate Quantity Per 100g - Total - NIP\",\"Value\":\"30.5g\",\"Description\":\"Carbohydrate Quantity Per 100g - Total - NIP\",\"SortOrder\":83},{\"Id\":706,\"Name\":\"Carbohydrate Quantity Per Serve - Total - NIP\",\"Value\":\"31.6g\",\"Description\":\"Carbohydrate Quantity Per Serve - Total - NIP\",\"SortOrder\":87},{\"Id\":759,\"Name\":\"Energy kJ Quantity Per 100g - Total - NIP\",\"Value\":\"1110kJ\",\"Description\":\"Energy kJ Quantity Per 100g - Total - NIP\",\"SortOrder\":239},{\"Id\":760,\"Name\":\"Energy kJ Quantity Per Serve - Total - NIP\",\"Value\":\"1150kJ\",\"Description\":\"Energy kJ Quantity Per Serve - Total - NIP\",\"SortOrder\":243},{\"Id\":253,\"Name\":\"Fat Saturated Quantity Per 100g - Total - NIP\",\"Value\":\"8.7g\",\"Description\":\"Fat Saturated Quantity Per 100g - Total - NIP\",\"SortOrder\":251},{\"Id\":258,\"Name\":\"Fat Saturated Quantity Per Serve - Total - NIP\",\"Value\":\"9.0g\",\"Description\":\"Fat Saturated Quantity Per Serve - Total - NIP\",\"SortOrder\":255},{\"Id\":764,\"Name\":\"Fat Total Quantity Per 100g - Total - NIP\",\"Value\":\"14.8g\",\"Description\":\"Fat Total Quantity Per 100g - Total - NIP\",\"SortOrder\":263},{\"Id\":264,\"Name\":\"Fat Total Quantity Per Serve - Total - NIP\",\"Value\":\"15.3g\",\"Description\":\"Fat Total Quantity Per Serve - Total - NIP\",\"SortOrder\":267},{\"Id\":878,\"Name\":\"Protein Quantity Per 100g - Total - NIP\",\"Value\":\"4.0g\",\"Description\":\"Protein Quantity Per 100g - Total - NIP\",\"SortOrder\":587},{\"Id\":882,\"Name\":\"Protein Quantity Per Serve - Total - NIP\",\"Value\":\"4.2g\",\"Description\":\"Protein Quantity Per Serve - Total - NIP\",\"SortOrder\":591},{\"Id\":477,\"Name\":\"Serving Size - Total - NIP\",\"Value\":\"100gram\",\"Description\":\"Serving Size - Total - NIP\",\"SortOrder\":607},{\"Id\":544,\"Name\":\"Servings Per Pack - Total - NIP\",\"Value\":\"4\",\"Description\":\"Servings Per Pack - Total - NIP\",\"SortOrder\":611},{\"Id\":491,\"Name\":\"Sodium Quantity Per 100g - Total - NIP\",\"Value\":\"50mg\",\"Description\":\"Sodium Quantity Per 100g - Total - NIP\",\"SortOrder\":623},{\"Id\":495,\"Name\":\"Sodium Quantity Per Serve - Total - NIP\",\"Value\":\"50mg\",\"Description\":\"Sodium Quantity Per Serve - Total - NIP\",\"SortOrder\":627},{\"Id\":907,\"Name\":\"Sugars Quantity Per 100g - Prefix - NIP\",\"Value\":\"\",\"Description\":\"Sugars Quantity Per 100g - Prefix - NIP\",\"SortOrder\":645},{\"Id\":908,\"Name\":\"Sugars Quantity Per 100g - SuffixUnits - NIP\",\"Value\":\"g\",\"Description\":\"Sugars Quantity Per 100g - SuffixUnits - NIP\",\"SortOrder\":646},{\"Id\":909,\"Name\":\"Sugars Quantity Per 100g - Total - NIP\",\"Value\":\"23.9g\",\"Description\":\"Sugars Quantity Per 100g - Total - NIP\",\"SortOrder\":647},{\"Id\":910,\"Name\":\"Sugars Quantity Per 100g - ValueWord - NIP\",\"Value\":\"23.9\",\"Description\":\"Sugars Quantity Per 100g - ValueWord - NIP\",\"SortOrder\":648},{\"Id\":504,\"Name\":\"Sugars Quantity Per Serve - Prefix - NIP\",\"Value\":\"\",\"Description\":\"Sugars Quantity Per Serve - Prefix - NIP\",\"SortOrder\":649},{\"Id\":911,\"Name\":\"Sugars Quantity Per Serve - SuffixUnits - NIP\",\"Value\":\"g\",\"Description\":\"Sugars Quantity Per Serve - SuffixUnits - NIP\",\"SortOrder\":650},{\"Id\":912,\"Name\":\"Sugars Quantity Per Serve - Total - NIP\",\"Value\":\"24.8g\",\"Description\":\"Sugars Quantity Per Serve - Total - NIP\",\"SortOrder\":651},{\"Id\":572,\"Name\":\"Sugars Quantity Per Serve - ValueWord - NIP\",\"Value\":\"24.8\",\"Description\":\"Sugars Quantity Per Serve - ValueWord - NIP\",\"SortOrder\":652}]}",
            "storageinstructions": "Keep frozen at minimum -18 F",
            "usageinstructions": null,
            "brand": "ben & jerry's",
            "manufacturer": null,
            "countryoforigin": null,
            "productheightmm": null,
            "productwidthmm": null,
            "productdepthmm": null,
            "wool_productpackaging": null,
            "recyclableinformation": null,
            "importantinformation": null,
            "allergencontains": null,
            "allergenmaybepresent": null,
            "allergystatement": "Fish Free",
            "lifestyleanddietarystatement": "Source of Calcium",
            "lifestyleclaim": "Fair Trade",
            "wool_dietaryclaim": null,
            "boxedcontents": null,
            "suitablefor": null,
            "fragrance": null,
            "colour": null,
            "antioxidant": "False",
            "addedvitaminsandminerals": "False",
            "bpafree": "False",
            "sulfatefree": "False",
            "parabenfree": "False",
            "claims": null,
            "alcoholfree": null,
            "anti-dandruff": null,
            "dermatologicallyapproved": null,
            "dermatologistrecommended": null,
            "dermatologisttested": null,
            "fragrance-free": null,
            "haircolour": null,
            "hairtype": null,
            "hypo-allergenic": null,
            "non-comedogenic": null,
            "oilfree": null,
            "ophthalmologistapproved": null,
            "ophthalmologisttested": null,
            "paba-free": null,
            "skincondition": null,
            "skintype": null,
            "soap-free": null,
            "spf": null,
            "sweatresistant": null,
            "timer": null,
            "waterresistant": null,
            "phbalanced": null,
            "antiseptic": "False",
            "antibacterial": "False",
            "activeconstituents": null,
            "contains": null,
            "microwavesafe": "False",
            "productimagecount": "1",
            "friendlydisclaimer": null,
            "productimages": "345039.jpg",
            "healthstarrating": "0",
            "tgawarnings": null,
            "vendorarticleid": null,
            "vendorcostprice": null,
            "tgawarning": null
          },
          "DetailsImagePaths": [
            "https://cdn0.woolworths.media/content/wowproductimages/large/345039.jpg"
          ],
          "Variety": "cookie dough",
          "Rating": {
            "ReviewCount": 9,
            "RatingCount": 9,
            "RatingSum": 0,
            "OneStarCount": 1,
            "TwoStarCount": 0,
            "ThreeStarCount": 0,
            "FourStarCount": 1,
            "FiveStarCount": 7,
            "Average": 4.44444444444444,
            "OneStarPercentage": 11.1111111111111,
            "TwoStarPercentage": 0,
            "ThreeStarPercentage": 0,
            "FourStarPercentage": 11.1111111111111,
            "FiveStarPercentage": 77.7777777777778
          },
          "HasProductSubs": false,
          "IsSponsoredAd": false,
          "AdID": null,
          "AdIndex": null,
          "ThirdPartyProductInfo": null,
          "MarketFeatures": null,
          "MarketSpecifications": null
        }
      ],
      "Name": "Ben & Jerry's Ice Cream Cookie Dough"
    },
    {
      "Products": [
        {
          "TileID": 0,
          "Stockcode": 345040,
          "Barcode": "76840055302",
          "GtinFormat": 0,
          "CupPrice": 1.97,
          "InstoreCupPrice": 1.97,
          "CupMeasure": "100ML",
          "CupString": "$1.97 / 100ML",
          "InstoreCupString": "$1.97 / 100ML",
          "HasCupPrice": true,
          "InstoreHasCupPrice": true,
          "Price": 9,
          "InstorePrice": 9,
          "Name": "Ben & Jerry's Ice Cream Chocolate Fudge Brownie",
          "UrlFriendlyName": "ben-jerry-s-ice-cream-chocolate-fudge-brownie",
          "Description": " Ben & Jerry's Ice Cream<br>Chocolate... 458ml tub",
          "SmallImageFile": "https://cdn0.woolworths.media/content/wowproductimages/small/345040.jpg",
          "MediumImageFile": "https://cdn0.woolworths.media/content/wowproductimages/medium/345040.jpg",
          "LargeImageFile": "https://cdn0.woolworths.media/content/wowproductimages/large/345040.jpg",
          "IsNew": false,
          "IsOnSpecial": true,
          "InstoreIsOnSpecial": true,
          "IsEdrSpecial": false,
          "SavingsAmount": 3,
          "InstoreSavingsAmount": 3,
          "WasPrice": 12,
          "InstoreWasPrice": 12,
          "QuantityInTrolley": 0,
          "Unit": "Each",
          "MinimumQuantity": 1,
          "HasBeenBoughtBefore": false,
          "IsInTrolley": false,
          "Source": "Aisle.Freezer",
          "SupplyLimit": 36,
          "IsRanged": false,
          "IsInStock": true,
          "PackageSize": "458ml tub",
          "IsPmDelivery": true,
          "IsForCollection": true,
          "IsForDelivery": true,
          "IsForExpress": false,
          "ProductRestrictionMessage": null,
          "ProductWarningMessage": null,
          "CentreTag": {
            "TagContent": null,
            "TagLink": null,
            "FallbackText": null,
            "TagType": "None",
            "MultibuyData": null
          },
          "IsCentreTag": false,
          "ImageTag": {
            "TagContent": "/content/promotiontags/roundel-special-200x200.png",
            "TagLink": "",
            "FallbackText": "On Special",
            "TagType": "None",
            "MultibuyData": null
          },
          "HeaderTag": {
            "BackgroundColor": "#fd0",
            "BorderColor": "#fd0",
            "TextColor": "#000",
            "Content": "Save $3.00",
            "TagLink": null,
            "Promotion": "Special"
          },
          "HasHeaderTag": true,
          "UnitWeightInGrams": 458,
          "SupplyLimitMessage": "'Ben & Jerry's Ice Cream Chocolate Fudge Brownie' has a supply limit of 36. The quantity in your cart has been reduced accordingly. To purchase a larger quantity, please contact us on 1800 000 610. Please note we do not supply trade orders.",
          "SmallFormatDescription": "Ben & Jerry's Ice Cream Chocolate Fudge Brownie",
          "FullDescription": "Ben & Jerry's Ice Cream Chocolate Fudge Brownie",
          "IsAvailable": true,
          "InstoreIsAvailable": true,
          "IsPurchasable": true,
          "InstoreIsPurchasable": true,
          "AgeRestricted": false,
          "DisplayQuantity": 1,
          "RichDescription": "Ben & Jerrys Ice Cream Chocolate Fudge Brownie 458 ML<BR><BR>Fudgy chunks of brownie goodness mixed into dark and rich chocolate ice cream tub. Sounds like a frozen dessert lovers dream.<br/><br/>At first, thats all it was. Long ago, we were making brownie ice cream sandwiches for sale in grocery stores. Sometimes there would be broken pieces in the brownie delivery, and wed nab them for flavour experiments. What would brownie pieces taste like in chocolate icecream? Pretty good, as it turns out! That original experimental flavour eventually became the legendary ice cream concoction known as Chocolate Fudge Brownie.<br/><br/>Meanwhile, Ben Cohen had met Bernie Glassman, the founder of Greyston Bakery, a Yonkers, New York, USA-based company with a mission to end poverty and give back to the community. Equally important, their brownies were just so darn goodafter sampling some, Ben handwrote a note asking for two truckloads of brownie pieces. While we knew Greyston would be the ideal supplier for turning Chocolate Fudge Brownie into a ice-cream flavour sold by the tub, getting the brownies to cooperate wasnt easy. After about 25 batches of brownies and six months of work, the flavour finally debuted in 1991, and its been a hit ever since. <br/><br/>All the cocoa, sugar and vanilla Ben & Jerrys uses is Fairtrade certified, and the milk and cream comes from Caring Dairy farmers. Greyston Bakery, one of the largest social enterprises in the USA, continues to provide the brownies for this and all of our flavours. Our ice cream is made with cage-free eggs. And all our packaging is responsibly sourced.<BR><BR>Ben & Jerry's Chocolate Fudge Brownie Ice Cream Pint<BR><BR>Chocolate Ice Cream with Fudge Brownies<BR><BR>Includes Fairtrade certified sugar and cocoa<BR><BR>All of Ben & Jerrys ice cream is made with cage-free eggs.<BR><BR>Kosher certified dairy; Halal Certified<BR><BR>Ben & Jerrys uses responsibly sourced packaging",
          "IsDeliveryPass": false,
          "HideWasSavedPrice": false,
          "SapCategories": null,
          "Brand": "ben & jerry's",
          "IsRestrictedByDeliveryMethod": false,
          "FooterTag": {
            "TagContent": null,
            "TagLink": null,
            "FallbackText": null,
            "TagType": "None",
            "MultibuyData": null
          },
          "IsFooterEnabled": true,
          "Diagnostics": "166",
          "IsBundle": false,
          "IsInFamily": false,
          "ChildProducts": [],
          "UrlOverride": null,
          "AdditionalAttributes": {
            "sapdepartmentname": "GROCERIES",
            "sapdepartmentno": "5",
            "sapcategoryname": "ICE CREAM",
            "sapcategoryno": "94",
            "sapsubcategoryname": "FREEZER - ICE CREAM TAKE HOME",
            "sapsubcategoryno": "107",
            "sapsegmentname": "SUPER PREMIUM BELOW 500ML",
            "sapsegmentno": "12",
            "specialsgroupid": null,
            "PiesProductDepartmentNodeId": "1_ACA2FC2",
            "PiesProductDepartmentsjson": "[{\"Id\":\"1_ACA2FC2\",\"Description\":\"Freezer\"}]",
            "piesdepartmentnamesjson": "[\"Freezer\"]",
            "piescategorynamesjson": "[\"Ice Cream\"]",
            "piessubcategorynamesjson": "[\"Ice Cream Tubs\",\"Premium Ice Cream\"]",
            "servingsize-total-nip": null,
            "servingsperpack-total-nip": null,
            "microwaveable": "False",
            "ovencook": "False",
            "vegetarian": "False",
            "freezable": "False",
            "containsnuts": "False",
            "containsgluten": "False",
            "description": "Ben & Jerrys Ice Cream Chocolate Fudge Brownie 458 ML<BR><BR>Fudgy chunks of brownie goodness mixed into dark and rich chocolate ice cream tub. Sounds like a frozen dessert lovers dream.<br/><br/>At first, thats all it was. Long ago, we were making brownie ice cream sandwiches for sale in grocery stores. Sometimes there would be broken pieces in the brownie delivery, and wed nab them for flavour experiments. What would brownie pieces taste like in chocolate icecream? Pretty good, as it turns out! That original experimental flavour eventually became the legendary ice cream concoction known as Chocolate Fudge Brownie.<br/><br/>Meanwhile, Ben Cohen had met Bernie Glassman, the founder of Greyston Bakery, a Yonkers, New York, USA-based company with a mission to end poverty and give back to the community. Equally important, their brownies were just so darn goodafter sampling some, Ben handwrote a note asking for two truckloads of brownie pieces. While we knew Greyston would be the ideal supplier for turning Chocolate Fudge Brownie into a ice-cream flavour sold by the tub, getting the brownies to cooperate wasnt easy. After about 25 batches of brownies and six months of work, the flavour finally debuted in 1991, and its been a hit ever since. <br/><br/>All the cocoa, sugar and vanilla Ben & Jerrys uses is Fairtrade certified, and the milk and cream comes from Caring Dairy farmers. Greyston Bakery, one of the largest social enterprises in the USA, continues to provide the brownies for this and all of our flavours. Our ice cream is made with cage-free eggs. And all our packaging is responsibly sourced.<BR><BR>Ben & Jerry's Chocolate Fudge Brownie Ice Cream Pint<BR><BR>Chocolate Ice Cream with Fudge Brownies<BR><BR>Includes Fairtrade certified sugar and cocoa<BR><BR>All of Ben & Jerrys ice cream is made with cage-free eggs.<BR><BR>Kosher certified dairy; Halal Certified<BR><BR>Ben & Jerrys uses responsibly sourced packaging",
            "ingredients": "Cream, Liquid Sugar, Concentrated Skim Milk, Water, Cocoa, Sugar, Wheat Flour, Soybean Oil, Egg Yolk, Invert Sugar, Eggs, Egg Whites, Thickeners (Guar Gum, Carrageenan), Salt, Vanilla Extract, Raising Agent (Sodium Bicarbonate), Malted Barley Flour        Contains milk, gluten containing cereals (wheat, barley), soybean and egg.        Made on equipment that also makes products which contain peanuts and tree nuts.",
            "nutritionalinformation": "{\"Name\":\"Nutritional Information\",\"Attributes\":[{\"Id\":705,\"Name\":\"Carbohydrate Quantity Per 100g - Total - NIP\",\"Value\":\"28.9g\",\"Description\":\"Carbohydrate Quantity Per 100g - Total - NIP\",\"SortOrder\":83},{\"Id\":706,\"Name\":\"Carbohydrate Quantity Per Serve - Total - NIP\",\"Value\":\"30.3g\",\"Description\":\"Carbohydrate Quantity Per Serve - Total - NIP\",\"SortOrder\":87},{\"Id\":759,\"Name\":\"Energy kJ Quantity Per 100g - Total - NIP\",\"Value\":\"245kJ\",\"Description\":\"Energy kJ Quantity Per 100g - Total - NIP\",\"SortOrder\":239},{\"Id\":760,\"Name\":\"Energy kJ Quantity Per Serve - Total - NIP\",\"Value\":\"258kJ\",\"Description\":\"Energy kJ Quantity Per Serve - Total - NIP\",\"SortOrder\":243},{\"Id\":253,\"Name\":\"Fat Saturated Quantity Per 100g - Total - NIP\",\"Value\":\"7.5g\",\"Description\":\"Fat Saturated Quantity Per 100g - Total - NIP\",\"SortOrder\":251},{\"Id\":258,\"Name\":\"Fat Saturated Quantity Per Serve - Total - NIP\",\"Value\":\"7.8g\",\"Description\":\"Fat Saturated Quantity Per Serve - Total - NIP\",\"SortOrder\":255},{\"Id\":764,\"Name\":\"Fat Total Quantity Per 100g - Total - NIP\",\"Value\":\"12.7g\",\"Description\":\"Fat Total Quantity Per 100g - Total - NIP\",\"SortOrder\":263},{\"Id\":264,\"Name\":\"Fat Total Quantity Per Serve - Total - NIP\",\"Value\":\"13.4g\",\"Description\":\"Fat Total Quantity Per Serve - Total - NIP\",\"SortOrder\":267},{\"Id\":878,\"Name\":\"Protein Quantity Per 100g - Total - NIP\",\"Value\":\"4.3g\",\"Description\":\"Protein Quantity Per 100g - Total - NIP\",\"SortOrder\":587},{\"Id\":882,\"Name\":\"Protein Quantity Per Serve - Total - NIP\",\"Value\":\"4.5g\",\"Description\":\"Protein Quantity Per Serve - Total - NIP\",\"SortOrder\":591},{\"Id\":477,\"Name\":\"Serving Size - Total - NIP\",\"Value\":\"100100 gram millimetre\",\"Description\":\"Serving Size - Total - NIP\",\"SortOrder\":607},{\"Id\":544,\"Name\":\"Servings Per Pack - Total - NIP\",\"Value\":\"4\",\"Description\":\"Servings Per Pack - Total - NIP\",\"SortOrder\":611},{\"Id\":491,\"Name\":\"Sodium Quantity Per 100g - Total - NIP\",\"Value\":\"65mg\",\"Description\":\"Sodium Quantity Per 100g - Total - NIP\",\"SortOrder\":623},{\"Id\":495,\"Name\":\"Sodium Quantity Per Serve - Total - NIP\",\"Value\":\"70mg\",\"Description\":\"Sodium Quantity Per Serve - Total - NIP\",\"SortOrder\":627},{\"Id\":907,\"Name\":\"Sugars Quantity Per 100g - Prefix - NIP\",\"Value\":null,\"Description\":\"Sugars Quantity Per 100g - Prefix - NIP\",\"SortOrder\":645},{\"Id\":908,\"Name\":\"Sugars Quantity Per 100g - SuffixUnits - NIP\",\"Value\":\"g\",\"Description\":\"Sugars Quantity Per 100g - SuffixUnits - NIP\",\"SortOrder\":646},{\"Id\":909,\"Name\":\"Sugars Quantity Per 100g - Total - NIP\",\"Value\":\"25.7g\",\"Description\":\"Sugars Quantity Per 100g - Total - NIP\",\"SortOrder\":647},{\"Id\":910,\"Name\":\"Sugars Quantity Per 100g - ValueWord - NIP\",\"Value\":\"25.7\",\"Description\":\"Sugars Quantity Per 100g - ValueWord - NIP\",\"SortOrder\":648},{\"Id\":504,\"Name\":\"Sugars Quantity Per Serve - Prefix - NIP\",\"Value\":null,\"Description\":\"Sugars Quantity Per Serve - Prefix - NIP\",\"SortOrder\":649},{\"Id\":911,\"Name\":\"Sugars Quantity Per Serve - SuffixUnits - NIP\",\"Value\":\"g\",\"Description\":\"Sugars Quantity Per Serve - SuffixUnits - NIP\",\"SortOrder\":650},{\"Id\":912,\"Name\":\"Sugars Quantity Per Serve - Total - NIP\",\"Value\":\"27.0g\",\"Description\":\"Sugars Quantity Per Serve - Total - NIP\",\"SortOrder\":651},{\"Id\":572,\"Name\":\"Sugars Quantity Per Serve - ValueWord - NIP\",\"Value\":\"27.0\",\"Description\":\"Sugars Quantity Per Serve - ValueWord - NIP\",\"SortOrder\":652}]}",
            "storageinstructions": "Keep frozen at minimum -18 F",
            "usageinstructions": null,
            "brand": "ben & jerry's",
            "manufacturer": null,
            "countryoforigin": null,
            "productheightmm": null,
            "productwidthmm": null,
            "productdepthmm": null,
            "wool_productpackaging": null,
            "recyclableinformation": null,
            "importantinformation": null,
            "allergencontains": null,
            "allergenmaybepresent": null,
            "allergystatement": "Fish Free",
            "lifestyleanddietarystatement": "Halal",
            "lifestyleclaim": "Fair Trade",
            "wool_dietaryclaim": null,
            "boxedcontents": null,
            "suitablefor": null,
            "fragrance": null,
            "colour": null,
            "antioxidant": "False",
            "addedvitaminsandminerals": "False",
            "bpafree": "False",
            "sulfatefree": "False",
            "parabenfree": "False",
            "claims": null,
            "alcoholfree": null,
            "anti-dandruff": null,
            "dermatologicallyapproved": null,
            "dermatologistrecommended": null,
            "dermatologisttested": null,
            "fragrance-free": null,
            "haircolour": null,
            "hairtype": null,
            "hypo-allergenic": null,
            "non-comedogenic": null,
            "oilfree": null,
            "ophthalmologistapproved": null,
            "ophthalmologisttested": null,
            "paba-free": null,
            "skincondition": null,
            "skintype": null,
            "soap-free": null,
            "spf": null,
            "sweatresistant": null,
            "timer": null,
            "waterresistant": null,
            "phbalanced": null,
            "antiseptic": "False",
            "antibacterial": "False",
            "activeconstituents": null,
            "contains": null,
            "microwavesafe": "False",
            "productimagecount": "1",
            "friendlydisclaimer": null,
            "productimages": "345040.jpg",
            "healthstarrating": "0",
            "tgawarnings": null,
            "vendorarticleid": null,
            "vendorcostprice": null,
            "tgawarning": null
          },
          "DetailsImagePaths": [
            "https://cdn0.woolworths.media/content/wowproductimages/large/345040.jpg"
          ],
          "Variety": "chocolate fudge brownie",
          "Rating": {
            "ReviewCount": 18,
            "RatingCount": 18,
            "RatingSum": 0,
            "OneStarCount": 0,
            "TwoStarCount": 0,
            "ThreeStarCount": 1,
            "FourStarCount": 5,
            "FiveStarCount": 12,
            "Average": 4.61111111111111,
            "OneStarPercentage": 0,
            "TwoStarPercentage": 0,
            "ThreeStarPercentage": 5.55555555555556,
            "FourStarPercentage": 27.7777777777778,
            "FiveStarPercentage": 66.6666666666667
          },
          "HasProductSubs": false,
          "IsSponsoredAd": false,
          "AdID": null,
          "AdIndex": null,
          "ThirdPartyProductInfo": null,
          "MarketFeatures": null,
          "MarketSpecifications": null
        }
      ],
      "Name": "Ben & Jerry's Ice Cream Chocolate Fudge Brownie"
    },
    {
      "Products": [
        {
          "TileID": 0,
          "Stockcode": 348627,
          "Barcode": "76840100989",
          "GtinFormat": 0,
          "CupPrice": 1.97,
          "InstoreCupPrice": 1.97,
          "CupMeasure": "100ML",
          "CupString": "$1.97 / 100ML",
          "InstoreCupString": "$1.97 / 100ML",
          "HasCupPrice": true,
          "InstoreHasCupPrice": true,
          "Price": 9,
          "InstorePrice": 9,
          "Name": "Ben & Jerry's Phish Food Chocolate Ice Cream",
          "UrlFriendlyName": "ben-jerry-s-phish-food-chocolate-ice-cream",
          "Description": " Ben & Jerry's Phish Food<br>Chocolate Ice... 458ml",
          "SmallImageFile": "https://cdn0.woolworths.media/content/wowproductimages/small/348627.jpg",
          "MediumImageFile": "https://cdn0.woolworths.media/content/wowproductimages/medium/348627.jpg",
          "LargeImageFile": "https://cdn0.woolworths.media/content/wowproductimages/large/348627.jpg",
          "IsNew": false,
          "IsOnSpecial": true,
          "InstoreIsOnSpecial": true,
          "IsEdrSpecial": false,
          "SavingsAmount": 3,
          "InstoreSavingsAmount": 3,
          "WasPrice": 12,
          "InstoreWasPrice": 12,
          "QuantityInTrolley": 0,
          "Unit": "Each",
          "MinimumQuantity": 1,
          "HasBeenBoughtBefore": false,
          "IsInTrolley": false,
          "Source": "Aisle.Freezer",
          "SupplyLimit": 36,
          "IsRanged": false,
          "IsInStock": true,
          "PackageSize": "458ml",
          "IsPmDelivery": true,
          "IsForCollection": true,
          "IsForDelivery": true,
          "IsForExpress": false,
          "ProductRestrictionMessage": null,
          "ProductWarningMessage": null,
          "CentreTag": {
            "TagContent": null,
            "TagLink": null,
            "FallbackText": null,
            "TagType": "None",
            "MultibuyData": null
          },
          "IsCentreTag": false,
          "ImageTag": {
            "TagContent": "/content/promotiontags/roundel-special-200x200.png",
            "TagLink": "",
            "FallbackText": "On Special",
            "TagType": "None",
            "MultibuyData": null
          },
          "HeaderTag": {
            "BackgroundColor": "#fd0",
            "BorderColor": "#fd0",
            "TextColor": "#000",
            "Content": "Save $3.00",
            "TagLink": null,
            "Promotion": "Special"
          },
          "HasHeaderTag": true,
          "UnitWeightInGrams": 458,
          "SupplyLimitMessage": "'Ben & Jerry's Phish Food Chocolate Ice Cream' has a supply limit of 36. The quantity in your cart has been reduced accordingly. To purchase a larger quantity, please contact us on 1800 000 610. Please note we do not supply trade orders.",
          "SmallFormatDescription": "Ben & Jerry's Phish Food Chocolate Ice Cream",
          "FullDescription": "Ben & Jerry's Phish Food Chocolate Ice Cream",
          "IsAvailable": true,
          "InstoreIsAvailable": true,
          "IsPurchasable": true,
          "InstoreIsPurchasable": true,
          "AgeRestricted": false,
          "DisplayQuantity": 1,
          "RichDescription": "Ben & Jerrys Ice Cream Phish Food 458 ML<BR><BR>Chocolate ice cream with gooey marshmallow, caramel swirls and fudge fish. Its delicious, but how did this delectable ice cream tub come to be? <br/><br/>Ben had been pondering the lack of a good marshmallow icecream for years. Most attempts at marshmallow were wispy. You can see the white streaks, but you can't taste them, you can't feel them, you can't experience the true glorious marshmallowness of it all, Ben remembers. Well, back in 1995, we suggested to the rock band Phish that we celebrate our shared Vermont, USA, roots by creating a Phish flavor. As the wheel started turning on the collaboration, Ben saw an opportunity to solve the marshmallow conundrum once and for all. <br/><br/>Starting with a base of rich chocolate ice cream, he and our flavour gurus started bringing the band test tubs of the evolving concoction. We ate a lot of test tubs around the table with Phish. Weve done flavours with other artists and entities, but nobody was more involved in creating the flavor than Phish was, Jerry says. The band was instrumental, for example, in calling for caramel swirl, an addition that pushed the flavor over the top. This delicious frozen dessert is swirled with chewy marshmallow and gooey caramel in chocolate ice cream made with pure dairy cream from family farms. We poured a whole school of fish-shaped chocolatey chunks into every carton and named it Phish Food. We think it rocks! <br/><br/>We work with Fairtrade certified producers for cocoa, sugar and vanilla. All of Ben & Jerrys ice cream is made with non-GMO sourced ingredients and cage-free eggs. Ben & Jerrys uses responsibly sourced packaging.<BR><BR>Ben & Jerry's Phish Food Ice Cream Pint<BR><BR>Chocolate Ice Cream with Swirls of Marshmallow and Caramel and Chocolatey Fish Shaped Chunks<BR><BR>All of Ben & Jerrys ice cream is made with non-GMO sourced ingredients & cage-free eggs<BR><BR>Includes Fairtrade certified cocoa, sugar, and vanilla<BR><BR>Kosher certified dairy; Halal Certified<BR><BR>Ben & Jerrys uses responsibly sourced packaging",
          "IsDeliveryPass": false,
          "HideWasSavedPrice": false,
          "SapCategories": null,
          "Brand": "ben & jerry's",
          "IsRestrictedByDeliveryMethod": false,
          "FooterTag": {
            "TagContent": null,
            "TagLink": null,
            "FallbackText": null,
            "TagType": "None",
            "MultibuyData": null
          },
          "IsFooterEnabled": true,
          "Diagnostics": "167",
          "IsBundle": false,
          "IsInFamily": false,
          "ChildProducts": [],
          "UrlOverride": null,
          "AdditionalAttributes": {
            "sapdepartmentname": "GROCERIES",
            "sapdepartmentno": "5",
            "sapcategoryname": "ICE CREAM",
            "sapcategoryno": "94",
            "sapsubcategoryname": "FREEZER - ICE CREAM TAKE HOME",
            "sapsubcategoryno": "107",
            "sapsegmentname": "SUPER PREMIUM BELOW 500ML",
            "sapsegmentno": "12",
            "specialsgroupid": null,
            "PiesProductDepartmentNodeId": "1_ACA2FC2",
            "PiesProductDepartmentsjson": "[{\"Id\":\"1_ACA2FC2\",\"Description\":\"Freezer\"}]",
            "piesdepartmentnamesjson": "[\"Freezer\"]",
            "piescategorynamesjson": "[\"Ice Cream\"]",
            "piessubcategorynamesjson": "[\"Premium Ice Cream\"]",
            "servingsize-total-nip": null,
            "servingsperpack-total-nip": null,
            "microwaveable": "False",
            "ovencook": "False",
            "vegetarian": "False",
            "freezable": "False",
            "containsnuts": "False",
            "containsgluten": "False",
            "description": "Ben & Jerrys Ice Cream Phish Food 458 ML<BR><BR>Chocolate ice cream with gooey marshmallow, caramel swirls and fudge fish. Its delicious, but how did this delectable ice cream tub come to be? <br/><br/>Ben had been pondering the lack of a good marshmallow icecream for years. Most attempts at marshmallow were wispy. You can see the white streaks, but you can't taste them, you can't feel them, you can't experience the true glorious marshmallowness of it all, Ben remembers. Well, back in 1995, we suggested to the rock band Phish that we celebrate our shared Vermont, USA, roots by creating a Phish flavor. As the wheel started turning on the collaboration, Ben saw an opportunity to solve the marshmallow conundrum once and for all. <br/><br/>Starting with a base of rich chocolate ice cream, he and our flavour gurus started bringing the band test tubs of the evolving concoction. We ate a lot of test tubs around the table with Phish. Weve done flavours with other artists and entities, but nobody was more involved in creating the flavor than Phish was, Jerry says. The band was instrumental, for example, in calling for caramel swirl, an addition that pushed the flavor over the top. This delicious frozen dessert is swirled with chewy marshmallow and gooey caramel in chocolate ice cream made with pure dairy cream from family farms. We poured a whole school of fish-shaped chocolatey chunks into every carton and named it Phish Food. We think it rocks! <br/><br/>We work with Fairtrade certified producers for cocoa, sugar and vanilla. All of Ben & Jerrys ice cream is made with non-GMO sourced ingredients and cage-free eggs. Ben & Jerrys uses responsibly sourced packaging.<BR><BR>Ben & Jerry's Phish Food Ice Cream Pint<BR><BR>Chocolate Ice Cream with Swirls of Marshmallow and Caramel and Chocolatey Fish Shaped Chunks<BR><BR>All of Ben & Jerrys ice cream is made with non-GMO sourced ingredients & cage-free eggs<BR><BR>Includes Fairtrade certified cocoa, sugar, and vanilla<BR><BR>Kosher certified dairy; Halal Certified<BR><BR>Ben & Jerrys uses responsibly sourced packaging",
            "ingredients": "CREAM, SKIM MILK, LIQUID SUGAR (SUGAR, WATER), CORN SYRUP, WATER, SUGAR, COCOA (PROCESSED WITH ALKALI), COCONUT OIL, BUTTER (CREAM, SALT), EGG YOLKS, EGG WHITES, VANILLA EXTRACT, NATURAL FLAVORS, GUAR GUM, PECTIN, COCOA, SALT, CARRAGEENAN, SODIUM BICARBONATE, MILK, SOY LECITHIN.  MAY CONTAIN WHEAT, PEANUTS AND TREE NUTS.",
            "nutritionalinformation": "{\"Name\":\"Nutritional Information\",\"Attributes\":[{\"Id\":705,\"Name\":\"Carbohydrate Quantity Per 100g - Total - NIP\",\"Value\":\"35.3g\",\"Description\":\"Carbohydrate Quantity Per 100g - Total - NIP\",\"SortOrder\":83},{\"Id\":706,\"Name\":\"Carbohydrate Quantity Per Serve - Total - NIP\",\"Value\":\"37.8g\",\"Description\":\"Carbohydrate Quantity Per Serve - Total - NIP\",\"SortOrder\":87},{\"Id\":759,\"Name\":\"Energy kJ Quantity Per 100g - Total - NIP\",\"Value\":\"1140kJ\",\"Description\":\"Energy kJ Quantity Per 100g - Total - NIP\",\"SortOrder\":239},{\"Id\":760,\"Name\":\"Energy kJ Quantity Per Serve - Total - NIP\",\"Value\":\"1220kJ\",\"Description\":\"Energy kJ Quantity Per Serve - Total - NIP\",\"SortOrder\":243},{\"Id\":253,\"Name\":\"Fat Saturated Quantity Per 100g - Total - NIP\",\"Value\":\"8.6g\",\"Description\":\"Fat Saturated Quantity Per 100g - Total - NIP\",\"SortOrder\":251},{\"Id\":258,\"Name\":\"Fat Saturated Quantity Per Serve - Total - NIP\",\"Value\":\"9.3g\",\"Description\":\"Fat Saturated Quantity Per Serve - Total - NIP\",\"SortOrder\":255},{\"Id\":764,\"Name\":\"Fat Total Quantity Per 100g - Total - NIP\",\"Value\":\"12.9g\",\"Description\":\"Fat Total Quantity Per 100g - Total - NIP\",\"SortOrder\":263},{\"Id\":264,\"Name\":\"Fat Total Quantity Per Serve - Total - NIP\",\"Value\":\"13.8g\",\"Description\":\"Fat Total Quantity Per Serve - Total - NIP\",\"SortOrder\":267},{\"Id\":878,\"Name\":\"Protein Quantity Per 100g - Total - NIP\",\"Value\":\"3.6g\",\"Description\":\"Protein Quantity Per 100g - Total - NIP\",\"SortOrder\":587},{\"Id\":882,\"Name\":\"Protein Quantity Per Serve - Total - NIP\",\"Value\":\"3.9g\",\"Description\":\"Protein Quantity Per Serve - Total - NIP\",\"SortOrder\":591},{\"Id\":477,\"Name\":\"Serving Size - Total - NIP\",\"Value\":\"107g / 115mL\",\"Description\":\"Serving Size - Total - NIP\",\"SortOrder\":607},{\"Id\":544,\"Name\":\"Servings Per Pack - Total - NIP\",\"Value\":\"4\",\"Description\":\"Servings Per Pack - Total - NIP\",\"SortOrder\":611},{\"Id\":491,\"Name\":\"Sodium Quantity Per 100g - Total - NIP\",\"Value\":\"72mg\",\"Description\":\"Sodium Quantity Per 100g - Total - NIP\",\"SortOrder\":623},{\"Id\":495,\"Name\":\"Sodium Quantity Per Serve - Total - NIP\",\"Value\":\"78mg\",\"Description\":\"Sodium Quantity Per Serve - Total - NIP\",\"SortOrder\":627},{\"Id\":907,\"Name\":\"Sugars Quantity Per 100g - Prefix - NIP\",\"Value\":\"\",\"Description\":\"Sugars Quantity Per 100g - Prefix - NIP\",\"SortOrder\":645},{\"Id\":908,\"Name\":\"Sugars Quantity Per 100g - SuffixUnits - NIP\",\"Value\":\"g\",\"Description\":\"Sugars Quantity Per 100g - SuffixUnits - NIP\",\"SortOrder\":646},{\"Id\":909,\"Name\":\"Sugars Quantity Per 100g - Total - NIP\",\"Value\":\"29.5g\",\"Description\":\"Sugars Quantity Per 100g - Total - NIP\",\"SortOrder\":647},{\"Id\":910,\"Name\":\"Sugars Quantity Per 100g - ValueWord - NIP\",\"Value\":\"29.5\",\"Description\":\"Sugars Quantity Per 100g - ValueWord - NIP\",\"SortOrder\":648},{\"Id\":504,\"Name\":\"Sugars Quantity Per Serve - Prefix - NIP\",\"Value\":\"\",\"Description\":\"Sugars Quantity Per Serve - Prefix - NIP\",\"SortOrder\":649},{\"Id\":911,\"Name\":\"Sugars Quantity Per Serve - SuffixUnits - NIP\",\"Value\":\"g\",\"Description\":\"Sugars Quantity Per Serve - SuffixUnits - NIP\",\"SortOrder\":650},{\"Id\":912,\"Name\":\"Sugars Quantity Per Serve - Total - NIP\",\"Value\":\"31.6g\",\"Description\":\"Sugars Quantity Per Serve - Total - NIP\",\"SortOrder\":651},{\"Id\":572,\"Name\":\"Sugars Quantity Per Serve - ValueWord - NIP\",\"Value\":\"31.6\",\"Description\":\"Sugars Quantity Per Serve - ValueWord - NIP\",\"SortOrder\":652}]}",
            "storageinstructions": "Keep frozen at minimum -18 F",
            "usageinstructions": null,
            "brand": "ben & jerry's",
            "manufacturer": null,
            "countryoforigin": null,
            "productheightmm": null,
            "productwidthmm": null,
            "productdepthmm": null,
            "wool_productpackaging": null,
            "recyclableinformation": null,
            "importantinformation": null,
            "allergencontains": null,
            "allergenmaybepresent": null,
            "allergystatement": "Lupin Free",
            "lifestyleanddietarystatement": "Source of Calcium",
            "lifestyleclaim": "Fair Trade",
            "wool_dietaryclaim": null,
            "boxedcontents": null,
            "suitablefor": null,
            "fragrance": null,
            "colour": null,
            "antioxidant": "False",
            "addedvitaminsandminerals": "False",
            "bpafree": "False",
            "sulfatefree": "False",
            "parabenfree": "False",
            "claims": null,
            "alcoholfree": null,
            "anti-dandruff": null,
            "dermatologicallyapproved": null,
            "dermatologistrecommended": null,
            "dermatologisttested": null,
            "fragrance-free": null,
            "haircolour": null,
            "hairtype": null,
            "hypo-allergenic": null,
            "non-comedogenic": null,
            "oilfree": null,
            "ophthalmologistapproved": null,
            "ophthalmologisttested": null,
            "paba-free": null,
            "skincondition": null,
            "skintype": null,
            "soap-free": null,
            "spf": null,
            "sweatresistant": null,
            "timer": null,
            "waterresistant": null,
            "phbalanced": null,
            "antiseptic": "False",
            "antibacterial": "False",
            "activeconstituents": null,
            "contains": null,
            "microwavesafe": "False",
            "productimagecount": "1",
            "friendlydisclaimer": null,
            "productimages": "348627.jpg",
            "healthstarrating": "0",
            "tgawarnings": null,
            "vendorarticleid": null,
            "vendorcostprice": null,
            "tgawarning": null
          },
          "DetailsImagePaths": [
            "https://cdn0.woolworths.media/content/wowproductimages/large/348627.jpg"
          ],
          "Variety": "cream",
          "Rating": {
            "ReviewCount": 2,
            "RatingCount": 2,
            "RatingSum": 0,
            "OneStarCount": 0,
            "TwoStarCount": 0,
            "ThreeStarCount": 0,
            "FourStarCount": 0,
            "FiveStarCount": 2,
            "Average": 5,
            "OneStarPercentage": 0,
            "TwoStarPercentage": 0,
            "ThreeStarPercentage": 0,
            "FourStarPercentage": 0,
            "FiveStarPercentage": 100
          },
          "HasProductSubs": false,
          "IsSponsoredAd": false,
          "AdID": null,
          "AdIndex": null,
          "ThirdPartyProductInfo": null,
          "MarketFeatures": null,
          "MarketSpecifications": null
        }
      ],
      "Name": "Ben & Jerry's Phish Food Chocolate Ice Cream"
    }
  ],
  "TotalRecordCount": 1010,
  "UpperDynamicContent": null,
  "LowerDynamicContent": null,
  "RichRelevancePlacement": {
    "placement_name": null,
    "message": null,
    "Products": [],
    "Items": [],
    "StockcodesForDiscover": []
  },
  "Aggregations": [
    {
      "Name": "Brand",
      "DisplayName": "Brand",
      "Type": "Multi",
      "FilterType": "Term",
      "FilterDataType": "String",
      "Results": null,
      "ResultsGrouped": [
        {
          "Alphabet": "0-9",
          "Filters": []
        },
        {
          "Alphabet": "A",
          "Filters": [
            {
              "Name": "Amy's Kitchen",
              "Term": "Amy's Kitchen",
              "ExtraOutputFields": {},
              "Min": null,
              "Max": null,
              "Applied": false,
              "Count": 2,
              "Statement": null,
              "DisplayCoachMarks": false
            },
            {
              "Name": "Annabel Karmel",
              "Term": "Annabel Karmel",
              "ExtraOutputFields": {},
              "Min": null,
              "Max": null,
              "Applied": false,
              "Count": 7,
              "Statement": null,
              "DisplayCoachMarks": false
            },
            {
              "Name": "Art Of Pastry",
              "Term": "Art Of Pastry",
              "ExtraOutputFields": {},
              "Min": null,
              "Max": null,
              "Applied": false,
              "Count": 1,
              "Statement": null,
              "DisplayCoachMarks": false
            },
            {
              "Name": "ASP",
              "Term": "ASP",
              "ExtraOutputFields": {},
              "Min": null,
              "Max": null,
              "Applied": false,
              "Count": 1,
              "Statement": null,
              "DisplayCoachMarks": false
            },
            {
              "Name": "Aussie Frozen Fruit",
              "Term": "Aussie Frozen Fruit",
              "ExtraOutputFields": {},
              "Min": null,
              "Max": null,
              "Applied": false,
              "Count": 3,
              "Statement": null,
              "DisplayCoachMarks": false
            }
          ]
        },
        {
          "Alphabet": "B",
          "Filters": [
            {
              "Name": "Bayview",
              "Term": "Bayview",
              "ExtraOutputFields": {},
              "Min": null,
              "Max": null,
              "Applied": false,
              "Count": 1,
              "Statement": null,
              "DisplayCoachMarks": false
            },
            {
              "Name": "Bell Farms",
              "Term": "Bell Farms",
              "ExtraOutputFields": {},
              "Min": null,
              "Max": null,
              "Applied": false,
              "Count": 15,
              "Statement": null,
              "DisplayCoachMarks": false
            },
            {
              "Name": "Ben & Jerry's",
              "Term": "Ben & Jerry's",
              "ExtraOutputFields": {},
              "Min": null,
              "Max": null,
              "Applied": false,
              "Count": 14,
              "Statement": null,
              "DisplayCoachMarks": false
            },
            {
              "Name": "Better Choice Fisheries",
              "Term": "Better Choice Fisheries",
              "ExtraOutputFields": {},
              "Min": null,
              "Max": null,
              "Applied": false,
              "Count": 2,
              "Statement": null,
              "DisplayCoachMarks": false
            },
            {
              "Name": "Birds Eye",
              "Term": "Birds Eye",
              "ExtraOutputFields": {},
              "Min": null,
              "Max": null,
              "Applied": false,
              "Count": 73,
              "Statement": null,
              "DisplayCoachMarks": false
            },
            {
              "Name": "BIRDS EYE",
              "Term": "BIRDS EYE",
              "ExtraOutputFields": {},
              "Min": null,
              "Max": null,
              "Applied": false,
              "Count": 1,
              "Statement": null,
              "DisplayCoachMarks": false
            },
            {
              "Name": "Blue Ribbon",
              "Term": "Blue Ribbon",
              "ExtraOutputFields": {},
              "Min": null,
              "Max": null,
              "Applied": false,
              "Count": 1,
              "Statement": null,
              "DisplayCoachMarks": false
            },
            {
              "Name": "Borg's",
              "Term": "Borg's",
              "ExtraOutputFields": {},
              "Min": null,
              "Max": null,
              "Applied": false,
              "Count": 6,
              "Statement": null,
              "DisplayCoachMarks": false
            },
            {
              "Name": "Bounty",
              "Term": "Bounty",
              "ExtraOutputFields": {},
              "Min": null,
              "Max": null,
              "Applied": false,
              "Count": 1,
              "Statement": null,
              "DisplayCoachMarks": false
            },
            {
              "Name": "Bulla",
              "Term": "Bulla",
              "ExtraOutputFields": {},
              "Min": null,
              "Max": null,
              "Applied": false,
              "Count": 35,
              "Statement": null,
              "DisplayCoachMarks": false
            },
            {
              "Name": "Buono",
              "Term": "Buono",
              "ExtraOutputFields": {},
              "Min": null,
              "Max": null,
              "Applied": false,
              "Count": 3,
              "Statement": null,
              "DisplayCoachMarks": false
            }
          ]
        },
        {
          "Alphabet": "C",
          "Filters": [
            {
              "Name": "Cadbury",
              "Term": "Cadbury",
              "ExtraOutputFields": {},
              "Min": null,
              "Max": null,
              "Applied": false,
              "Count": 12,
              "Statement": null,
              "DisplayCoachMarks": false
            },
            {
              "Name": "Calippo",
              "Term": "Calippo",
              "ExtraOutputFields": {},
              "Min": null,
              "Max": null,
              "Applied": false,
              "Count": 2,
              "Statement": null,
              "DisplayCoachMarks": false
            },
            {
              "Name": "Cheesebuddy",
              "Term": "Cheesebuddy",
              "ExtraOutputFields": {},
              "Min": null,
              "Max": null,
              "Applied": false,
              "Count": 1,
              "Statement": null,
              "DisplayCoachMarks": false
            },
            {
              "Name": "Chiko",
              "Term": "Chiko",
              "ExtraOutputFields": {},
              "Min": null,
              "Max": null,
              "Applied": false,
              "Count": 1,
              "Statement": null,
              "DisplayCoachMarks": false
            },
            {
              "Name": "Coco & Lucas'",
              "Term": "Coco & Lucas'",
              "ExtraOutputFields": {},
              "Min": null,
              "Max": null,
              "Applied": false,
              "Count": 8,
              "Statement": null,
              "DisplayCoachMarks": false
            },
            {
              "Name": "Connoisseur",
              "Term": "Connoisseur",
              "ExtraOutputFields": {},
              "Min": null,
              "Max": null,
              "Applied": false,
              "Count": 20,
              "Statement": null,
              "DisplayCoachMarks": false
            },
            {
              "Name": "Created With Jamie",
              "Term": "Created With Jamie",
              "ExtraOutputFields": {},
              "Min": null,
              "Max": null,
              "Applied": false,
              "Count": 4,
              "Statement": null,
              "DisplayCoachMarks": false
            },
            {
              "Name": "Creative Gourmet",
              "Term": "Creative Gourmet",
              "ExtraOutputFields": {},
              "Min": null,
              "Max": null,
              "Applied": false,
              "Count": 6,
              "Statement": null,
              "DisplayCoachMarks": false
            }
          ]
        },
        {
          "Alphabet": "D",
          "Filters": [
            {
              "Name": "Della Rosa",
              "Term": "Della Rosa",
              "ExtraOutputFields": {},
              "Min": null,
              "Max": null,
              "Applied": false,
              "Count": 10,
              "Statement": null,
              "DisplayCoachMarks": false
            },
            {
              "Name": "Double Merino",
              "Term": "Double Merino",
              "ExtraOutputFields": {},
              "Min": null,
              "Max": null,
              "Applied": false,
              "Count": 1,
              "Statement": null,
              "DisplayCoachMarks": false
            },
            {
              "Name": "Dr. Oetker",
              "Term": "Dr. Oetker",
              "ExtraOutputFields": {},
              "Min": null,
              "Max": null,
              "Applied": false,
              "Count": 7,
              "Statement": null,
              "DisplayCoachMarks": false
            }
          ]
        },
        {
          "Alphabet": "E",
          "Filters": [
            {
              "Name": "Earth",
              "Term": "Earth",
              "ExtraOutputFields": {},
              "Min": null,
              "Max": null,
              "Applied": false,
              "Count": 5,
              "Statement": null,
              "DisplayCoachMarks": false
            },
            {
              "Name": "Essentials",
              "Term": "Essentials",
              "ExtraOutputFields": {},
              "Min": null,
              "Max": null,
              "Applied": false,
              "Count": 12,
              "Statement": null,
              "DisplayCoachMarks": false
            }
          ]
        },
        {
          "Alphabet": "F",
          "Filters": [
            {
              "Name": "Farm Pride",
              "Term": "Farm Pride",
              "ExtraOutputFields": {},
              "Min": null,
              "Max": null,
              "Applied": false,
              "Count": 1,
              "Statement": null,
              "DisplayCoachMarks": false
            },
            {
              "Name": "Fitness Outcomes",
              "Term": "Fitness Outcomes",
              "ExtraOutputFields": {},
              "Min": null,
              "Max": null,
              "Applied": false,
              "Count": 7,
              "Statement": null,
              "DisplayCoachMarks": false
            },
            {
              "Name": "Four'N Twenty",
              "Term": "Four'N Twenty",
              "ExtraOutputFields": {},
              "Min": null,
              "Max": null,
              "Applied": false,
              "Count": 12,
              "Statement": null,
              "DisplayCoachMarks": false
            },
            {
              "Name": "Fropro",
              "Term": "Fropro",
              "ExtraOutputFields": {},
              "Min": null,
              "Max": null,
              "Applied": false,
              "Count": 7,
              "Statement": null,
              "DisplayCoachMarks": false
            },
            {
              "Name": "Fry's",
              "Term": "Fry's",
              "ExtraOutputFields": {},
              "Min": null,
              "Max": null,
              "Applied": false,
              "Count": 1,
              "Statement": null,
              "DisplayCoachMarks": false
            }
          ]
        },
        {
          "Alphabet": "G",
          "Filters": [
            {
              "Name": "Gelativo",
              "Term": "Gelativo",
              "ExtraOutputFields": {},
              "Min": null,
              "Max": null,
              "Applied": false,
              "Count": 4,
              "Statement": null,
              "DisplayCoachMarks": false
            },
            {
              "Name": "Gluten Free Bakehouse",
              "Term": "Gluten Free Bakehouse",
              "ExtraOutputFields": {},
              "Min": null,
              "Max": null,
              "Applied": false,
              "Count": 3,
              "Statement": null,
              "DisplayCoachMarks": false
            },
            {
              "Name": "Golden Wok",
              "Term": "Golden Wok",
              "ExtraOutputFields": {},
              "Min": null,
              "Max": null,
              "Applied": false,
              "Count": 5,
              "Statement": null,
              "DisplayCoachMarks": false
            }
          ]
        },
        {
          "Alphabet": "H",
          "Filters": [
            {
              "Name": "Haagen-Dazs",
              "Term": "Haagen-Dazs",
              "ExtraOutputFields": {},
              "Min": null,
              "Max": null,
              "Applied": false,
              "Count": 7,
              "Statement": null,
              "DisplayCoachMarks": false
            },
            {
              "Name": "Halo",
              "Term": "Halo",
              "ExtraOutputFields": {},
              "Min": null,
              "Max": null,
              "Applied": false,
              "Count": 5,
              "Statement": null,
              "DisplayCoachMarks": false
            },
            {
              "Name": "Halo Top",
              "Term": "Halo Top",
              "ExtraOutputFields": {},
              "Min": null,
              "Max": null,
              "Applied": false,
              "Count": 2,
              "Statement": null,
              "DisplayCoachMarks": false
            },
            {
              "Name": "Harry's Ice Cream",
              "Term": "Harry's Ice Cream",
              "ExtraOutputFields": {},
              "Min": null,
              "Max": null,
              "Applied": false,
              "Count": 4,
              "Statement": null,
              "DisplayCoachMarks": false
            },
            {
              "Name": "Heavenly Banquet",
              "Term": "Heavenly Banquet",
              "ExtraOutputFields": {},
              "Min": null,
              "Max": null,
              "Applied": false,
              "Count": 3,
              "Statement": null,
              "DisplayCoachMarks": false
            },
            {
              "Name": "Heinz",
              "Term": "Heinz",
              "ExtraOutputFields": {},
              "Min": null,
              "Max": null,
              "Applied": false,
              "Count": 5,
              "Statement": null,
              "DisplayCoachMarks": false
            },
            {
              "Name": "Herbert Adams",
              "Term": "Herbert Adams",
              "ExtraOutputFields": {},
              "Min": null,
              "Max": null,
              "Applied": false,
              "Count": 12,
              "Statement": null,
              "DisplayCoachMarks": false
            },
            {
              "Name": "Hershey's",
              "Term": "Hershey's",
              "ExtraOutputFields": {},
              "Min": null,
              "Max": null,
              "Applied": false,
              "Count": 2,
              "Statement": null,
              "DisplayCoachMarks": false
            },
            {
              "Name": "Hinterland",
              "Term": "Hinterland",
              "ExtraOutputFields": {},
              "Min": null,
              "Max": null,
              "Applied": false,
              "Count": 6,
              "Statement": null,
              "DisplayCoachMarks": false
            },
            {
              "Name": "Ho Mai",
              "Term": "Ho Mai",
              "ExtraOutputFields": {},
              "Min": null,
              "Max": null,
              "Applied": false,
              "Count": 2,
              "Statement": null,
              "DisplayCoachMarks": false
            },
            {
              "Name": "Hong Kong Dim Sim Kitchen",
              "Term": "Hong Kong Dim Sim Kitchen",
              "ExtraOutputFields": {},
              "Min": null,
              "Max": null,
              "Applied": false,
              "Count": 4,
              "Statement": null,
              "DisplayCoachMarks": false
            }
          ]
        },
        {
          "Alphabet": "I",
          "Filters": [
            {
              "Name": "I & J",
              "Term": "I & J",
              "ExtraOutputFields": {},
              "Min": null,
              "Max": null,
              "Applied": false,
              "Count": 6,
              "Statement": null,
              "DisplayCoachMarks": false
            },
            {
              "Name": "I&J",
              "Term": "I&J",
              "ExtraOutputFields": {},
              "Min": null,
              "Max": null,
              "Applied": false,
              "Count": 4,
              "Statement": null,
              "DisplayCoachMarks": false
            },
            {
              "Name": "Ingham's",
              "Term": "Ingham's",
              "ExtraOutputFields": {},
              "Min": null,
              "Max": null,
              "Applied": false,
              "Count": 29,
              "Statement": null,
              "DisplayCoachMarks": false
            }
          ]
        },
        {
          "Alphabet": "J",
          "Filters": [
            {
              "Name": "Jamie Oliver",
              "Term": "Jamie Oliver",
              "ExtraOutputFields": {},
              "Min": null,
              "Max": null,
              "Applied": false,
              "Count": 4,
              "Statement": null,
              "DisplayCoachMarks": false
            },
            {
              "Name": "Jase's Kitchen",
              "Term": "Jase's Kitchen",
              "ExtraOutputFields": {},
              "Min": null,
              "Max": null,
              "Applied": false,
              "Count": 4,
              "Statement": null,
              "DisplayCoachMarks": false
            },
            {
              "Name": "Just Caught",
              "Term": "Just Caught",
              "ExtraOutputFields": {},
              "Min": null,
              "Max": null,
              "Applied": false,
              "Count": 4,
              "Statement": null,
              "DisplayCoachMarks": false
            }
          ]
        },
        {
          "Alphabet": "K",
          "Filters": [
            {
              "Name": "KBS",
              "Term": "KBS",
              "ExtraOutputFields": {},
              "Min": null,
              "Max": null,
              "Applied": false,
              "Count": 1,
              "Statement": null,
              "DisplayCoachMarks": false
            },
            {
              "Name": "Keith's Foods",
              "Term": "Keith's Foods",
              "ExtraOutputFields": {},
              "Min": null,
              "Max": null,
              "Applied": false,
              "Count": 2,
              "Statement": null,
              "DisplayCoachMarks": false
            }
          ]
        },
        {
          "Alphabet": "L",
          "Filters": [
            {
              "Name": "La Gina",
              "Term": "La Gina",
              "ExtraOutputFields": {},
              "Min": null,
              "Max": null,
              "Applied": false,
              "Count": 3,
              "Statement": null,
              "DisplayCoachMarks": false
            },
            {
              "Name": "Lean Cuisine",
              "Term": "Lean Cuisine",
              "ExtraOutputFields": {},
              "Min": null,
              "Max": null,
              "Applied": false,
              "Count": 19,
              "Statement": null,
              "DisplayCoachMarks": false
            },
            {
              "Name": "Linda Mccartney's",
              "Term": "Linda Mccartney's",
              "ExtraOutputFields": {},
              "Min": null,
              "Max": null,
              "Applied": false,
              "Count": 1,
              "Statement": null,
              "DisplayCoachMarks": false
            },
            {
              "Name": "Logan Farm",
              "Term": "Logan Farm",
              "ExtraOutputFields": {},
              "Min": null,
              "Max": null,
              "Applied": false,
              "Count": 1,
              "Statement": null,
              "DisplayCoachMarks": false
            },
            {
              "Name": "Lucky Kitchen",
              "Term": "Lucky Kitchen",
              "ExtraOutputFields": {},
              "Min": null,
              "Max": null,
              "Applied": false,
              "Count": 2,
              "Statement": null,
              "DisplayCoachMarks": false
            }
          ]
        },
        {
          "Alphabet": "M",
          "Filters": [
            {
              "Name": "M&M's",
              "Term": "M&M's",
              "ExtraOutputFields": {},
              "Min": null,
              "Max": null,
              "Applied": false,
              "Count": 3,
              "Statement": null,
              "DisplayCoachMarks": false
            },
            {
              "Name": "Macro",
              "Term": "Macro",
              "ExtraOutputFields": {},
              "Min": null,
              "Max": null,
              "Applied": false,
              "Count": 11,
              "Statement": null,
              "DisplayCoachMarks": false
            },
            {
              "Name": "Magnum",
              "Term": "Magnum",
              "ExtraOutputFields": {},
              "Min": null,
              "Max": null,
              "Applied": false,
              "Count": 17,
              "Statement": null,
              "DisplayCoachMarks": false
            },
            {
              "Name": "Maltesers",
              "Term": "Maltesers",
              "ExtraOutputFields": {},
              "Min": null,
              "Max": null,
              "Applied": false,
              "Count": 1,
              "Statement": null,
              "DisplayCoachMarks": false
            },
            {
              "Name": "Marathon",
              "Term": "Marathon",
              "ExtraOutputFields": {},
              "Min": null,
              "Max": null,
              "Applied": false,
              "Count": 3,
              "Statement": null,
              "DisplayCoachMarks": false
            },
            {
              "Name": "Mars",
              "Term": "Mars",
              "ExtraOutputFields": {},
              "Min": null,
              "Max": null,
              "Applied": false,
              "Count": 1,
              "Statement": null,
              "DisplayCoachMarks": false
            },
            {
              "Name": "McCain",
              "Term": "McCain",
              "ExtraOutputFields": {},
              "Min": null,
              "Max": null,
              "Applied": false,
              "Count": 37,
              "Statement": null,
              "DisplayCoachMarks": false
            },
            {
              "Name": "McCAIN",
              "Term": "McCAIN",
              "ExtraOutputFields": {},
              "Min": null,
              "Max": null,
              "Applied": false,
              "Count": 30,
              "Statement": null,
              "DisplayCoachMarks": false
            },
            {
              "Name": "Messina",
              "Term": "Messina",
              "ExtraOutputFields": {},
              "Min": null,
              "Max": null,
              "Applied": false,
              "Count": 3,
              "Statement": null,
              "DisplayCoachMarks": false
            },
            {
              "Name": "Movenpick",
              "Term": "Movenpick",
              "ExtraOutputFields": {},
              "Min": null,
              "Max": null,
              "Applied": false,
              "Count": 3,
              "Statement": null,
              "DisplayCoachMarks": false
            },
            {
              "Name": "Mr Chen's",
              "Term": "Mr Chen's",
              "ExtraOutputFields": {},
              "Min": null,
              "Max": null,
              "Applied": false,
              "Count": 22,
              "Statement": null,
              "DisplayCoachMarks": false
            },
            {
              "Name": "Mrs Macs",
              "Term": "Mrs Macs",
              "ExtraOutputFields": {},
              "Min": null,
              "Max": null,
              "Applied": false,
              "Count": 4,
              "Statement": null,
              "DisplayCoachMarks": false
            }
          ]
        },
        {
          "Alphabet": "N",
          "Filters": [
            {
              "Name": "Nanna's",
              "Term": "Nanna's",
              "ExtraOutputFields": {},
              "Min": null,
              "Max": null,
              "Applied": false,
              "Count": 7,
              "Statement": null,
              "DisplayCoachMarks": false
            },
            {
              "Name": "Nestle",
              "Term": "Nestle",
              "ExtraOutputFields": {},
              "Min": null,
              "Max": null,
              "Applied": false,
              "Count": 1,
              "Statement": null,
              "DisplayCoachMarks": false
            },
            {
              "Name": "Nourishing Bubs",
              "Term": "Nourishing Bubs",
              "ExtraOutputFields": {},
              "Min": null,
              "Max": null,
              "Applied": false,
              "Count": 2,
              "Statement": null,
              "DisplayCoachMarks": false
            }
          ]
        },
        {
          "Alphabet": "O",
          "Filters": [
            {
              "Name": "Ocean Chef",
              "Term": "Ocean Chef",
              "ExtraOutputFields": {},
              "Min": null,
              "Max": null,
              "Applied": false,
              "Count": 12,
              "Statement": null,
              "DisplayCoachMarks": false
            },
            {
              "Name": "On The Menu",
              "Term": "On The Menu",
              "ExtraOutputFields": {},
              "Min": null,
              "Max": null,
              "Applied": false,
              "Count": 19,
              "Statement": null,
              "DisplayCoachMarks": false
            },
            {
              "Name": "OOB",
              "Term": "OOB",
              "ExtraOutputFields": {},
              "Min": null,
              "Max": null,
              "Applied": false,
              "Count": 6,
              "Statement": null,
              "DisplayCoachMarks": false
            },
            {
              "Name": "Oob Organic",
              "Term": "Oob Organic",
              "ExtraOutputFields": {},
              "Min": null,
              "Max": null,
              "Applied": false,
              "Count": 1,
              "Statement": null,
              "DisplayCoachMarks": false
            },
            {
              "Name": "Oreo",
              "Term": "Oreo",
              "ExtraOutputFields": {},
              "Min": null,
              "Max": null,
              "Applied": false,
              "Count": 4,
              "Statement": null,
              "DisplayCoachMarks": false
            }
          ]
        },
        {
          "Alphabet": "P",
          "Filters": [
            {
              "Name": "Pampas",
              "Term": "Pampas",
              "ExtraOutputFields": {},
              "Min": null,
              "Max": null,
              "Applied": false,
              "Count": 6,
              "Statement": null,
              "DisplayCoachMarks": false
            },
            {
              "Name": "Pana",
              "Term": "Pana",
              "ExtraOutputFields": {},
              "Min": null,
              "Max": null,
              "Applied": false,
              "Count": 6,
              "Statement": null,
              "DisplayCoachMarks": false
            },
            {
              "Name": "Papa Giuseppi's",
              "Term": "Papa Giuseppi's",
              "ExtraOutputFields": {},
              "Min": null,
              "Max": null,
              "Applied": false,
              "Count": 2,
              "Statement": null,
              "DisplayCoachMarks": false
            },
            {
              "Name": "Patties",
              "Term": "Patties",
              "ExtraOutputFields": {},
              "Min": null,
              "Max": null,
              "Applied": false,
              "Count": 11,
              "Statement": null,
              "DisplayCoachMarks": false
            },
            {
              "Name": "Pepe's",
              "Term": "Pepe's",
              "ExtraOutputFields": {},
              "Min": null,
              "Max": null,
              "Applied": false,
              "Count": 1,
              "Statement": null,
              "DisplayCoachMarks": false
            },
            {
              "Name": "Peters",
              "Term": "Peters",
              "ExtraOutputFields": {},
              "Min": null,
              "Max": null,
              "Applied": false,
              "Count": 33,
              "Statement": null,
              "DisplayCoachMarks": false
            },
            {
              "Name": "Plantitude",
              "Term": "Plantitude",
              "ExtraOutputFields": {},
              "Min": null,
              "Max": null,
              "Applied": false,
              "Count": 1,
              "Statement": null,
              "DisplayCoachMarks": false
            },
            {
              "Name": "Plantry",
              "Term": "Plantry",
              "ExtraOutputFields": {},
              "Min": null,
              "Max": null,
              "Applied": false,
              "Count": 4,
              "Statement": null,
              "DisplayCoachMarks": false
            },
            {
              "Name": "Proud & Punch",
              "Term": "Proud & Punch",
              "ExtraOutputFields": {},
              "Min": null,
              "Max": null,
              "Applied": false,
              "Count": 3,
              "Statement": null,
              "DisplayCoachMarks": false
            },
            {
              "Name": "Pure Pops",
              "Term": "Pure Pops",
              "ExtraOutputFields": {},
              "Min": null,
              "Max": null,
              "Applied": false,
              "Count": 4,
              "Statement": null,
              "DisplayCoachMarks": false
            }
          ]
        },
        {
          "Alphabet": "Q",
          "Filters": []
        },
        {
          "Alphabet": "R",
          "Filters": [
            {
              "Name": "Reese's",
              "Term": "Reese's",
              "ExtraOutputFields": {},
              "Min": null,
              "Max": null,
              "Applied": false,
              "Count": 2,
              "Statement": null,
              "DisplayCoachMarks": false
            },
            {
              "Name": "Ruffie Rustic Foods",
              "Term": "Ruffie Rustic Foods",
              "ExtraOutputFields": {},
              "Min": null,
              "Max": null,
              "Applied": false,
              "Count": 3,
              "Statement": null,
              "DisplayCoachMarks": false
            }
          ]
        },
        {
          "Alphabet": "S",
          "Filters": [
            {
              "Name": "Sanitarium",
              "Term": "Sanitarium",
              "ExtraOutputFields": {},
              "Min": null,
              "Max": null,
              "Applied": false,
              "Count": 2,
              "Statement": null,
              "DisplayCoachMarks": false
            },
            {
              "Name": "Sara Lee",
              "Term": "Sara Lee",
              "ExtraOutputFields": {},
              "Min": null,
              "Max": null,
              "Applied": false,
              "Count": 20,
              "Statement": null,
              "DisplayCoachMarks": false
            },
            {
              "Name": "Sargents",
              "Term": "Sargents",
              "ExtraOutputFields": {},
              "Min": null,
              "Max": null,
              "Applied": false,
              "Count": 6,
              "Statement": null,
              "DisplayCoachMarks": false
            },
            {
              "Name": "SARGENTS",
              "Term": "SARGENTS",
              "ExtraOutputFields": {},
              "Min": null,
              "Max": null,
              "Applied": false,
              "Count": 3,
              "Statement": null,
              "DisplayCoachMarks": false
            },
            {
              "Name": "Scotts",
              "Term": "Scotts",
              "ExtraOutputFields": {},
              "Min": null,
              "Max": null,
              "Applied": false,
              "Count": 1,
              "Statement": null,
              "DisplayCoachMarks": false
            },
            {
              "Name": "Sealord",
              "Term": "Sealord",
              "ExtraOutputFields": {},
              "Min": null,
              "Max": null,
              "Applied": false,
              "Count": 18,
              "Statement": null,
              "DisplayCoachMarks": false
            },
            {
              "Name": "Simply Wize",
              "Term": "Simply Wize",
              "ExtraOutputFields": {},
              "Min": null,
              "Max": null,
              "Applied": false,
              "Count": 3,
              "Statement": null,
              "DisplayCoachMarks": false
            },
            {
              "Name": "Skinny Cow",
              "Term": "Skinny Cow",
              "ExtraOutputFields": {},
              "Min": null,
              "Max": null,
              "Applied": false,
              "Count": 2,
              "Statement": null,
              "DisplayCoachMarks": false
            },
            {
              "Name": "Snickers",
              "Term": "Snickers",
              "ExtraOutputFields": {},
              "Min": null,
              "Max": null,
              "Applied": false,
              "Count": 2,
              "Statement": null,
              "DisplayCoachMarks": false
            },
            {
              "Name": "So Delicious",
              "Term": "So Delicious",
              "ExtraOutputFields": {},
              "Min": null,
              "Max": null,
              "Applied": false,
              "Count": 3,
              "Statement": null,
              "DisplayCoachMarks": false
            },
            {
              "Name": "Speedy Berry",
              "Term": "Speedy Berry",
              "ExtraOutputFields": {},
              "Min": null,
              "Max": null,
              "Applied": false,
              "Count": 2,
              "Statement": null,
              "DisplayCoachMarks": false
            },
            {
              "Name": "Steggles",
              "Term": "Steggles",
              "ExtraOutputFields": {},
              "Min": null,
              "Max": null,
              "Applied": false,
              "Count": 13,
              "Statement": null,
              "DisplayCoachMarks": false
            },
            {
              "Name": "Street Foodie",
              "Term": "Street Foodie",
              "ExtraOutputFields": {},
              "Min": null,
              "Max": null,
              "Applied": false,
              "Count": 6,
              "Statement": null,
              "DisplayCoachMarks": false
            },
            {
              "Name": "Streets",
              "Term": "Streets",
              "ExtraOutputFields": {},
              "Min": null,
              "Max": null,
              "Applied": false,
              "Count": 28,
              "Statement": null,
              "DisplayCoachMarks": false
            },
            {
              "Name": "Strength Meals Co",
              "Term": "Strength Meals Co",
              "ExtraOutputFields": {},
              "Min": null,
              "Max": null,
              "Applied": false,
              "Count": 8,
              "Statement": null,
              "DisplayCoachMarks": false
            },
            {
              "Name": "Super Cubes",
              "Term": "Super Cubes",
              "ExtraOutputFields": {},
              "Min": null,
              "Max": null,
              "Applied": false,
              "Count": 4,
              "Statement": null,
              "DisplayCoachMarks": false
            },
            {
              "Name": "Super Nature",
              "Term": "Super Nature",
              "ExtraOutputFields": {},
              "Min": null,
              "Max": null,
              "Applied": false,
              "Count": 21,
              "Statement": null,
              "DisplayCoachMarks": false
            },
            {
              "Name": "Syndian",
              "Term": "Syndian",
              "ExtraOutputFields": {},
              "Min": null,
              "Max": null,
              "Applied": false,
              "Count": 5,
              "Statement": null,
              "DisplayCoachMarks": false
            }
          ]
        },
        {
          "Alphabet": "T",
          "Filters": [
            {
              "Name": "Temptation Bakeries",
              "Term": "Temptation Bakeries",
              "ExtraOutputFields": {},
              "Min": null,
              "Max": null,
              "Applied": false,
              "Count": 5,
              "Statement": null,
              "DisplayCoachMarks": false
            },
            {
              "Name": "The Gluten Free Meal Co",
              "Term": "The Gluten Free Meal Co",
              "ExtraOutputFields": {},
              "Min": null,
              "Max": null,
              "Applied": false,
              "Count": 2,
              "Statement": null,
              "DisplayCoachMarks": false
            },
            {
              "Name": "The Gozleme Brothers",
              "Term": "The Gozleme Brothers",
              "ExtraOutputFields": {},
              "Min": null,
              "Max": null,
              "Applied": false,
              "Count": 1,
              "Statement": null,
              "DisplayCoachMarks": false
            },
            {
              "Name": "The Real Yorkshire Pudding Co.",
              "Term": "The Real Yorkshire Pudding Co.",
              "ExtraOutputFields": {},
              "Min": null,
              "Max": null,
              "Applied": false,
              "Count": 1,
              "Statement": null,
              "DisplayCoachMarks": false
            },
            {
              "Name": "The Why Meat Co",
              "Term": "The Why Meat Co",
              "ExtraOutputFields": {},
              "Min": null,
              "Max": null,
              "Applied": false,
              "Count": 2,
              "Statement": null,
              "DisplayCoachMarks": false
            },
            {
              "Name": "Tilly's",
              "Term": "Tilly's",
              "ExtraOutputFields": {},
              "Min": null,
              "Max": null,
              "Applied": false,
              "Count": 3,
              "Statement": null,
              "DisplayCoachMarks": false
            },
            {
              "Name": "Toblerone",
              "Term": "Toblerone",
              "ExtraOutputFields": {},
              "Min": null,
              "Max": null,
              "Applied": false,
              "Count": 1,
              "Statement": null,
              "DisplayCoachMarks": false
            },
            {
              "Name": "Trang's",
              "Term": "Trang's",
              "ExtraOutputFields": {},
              "Min": null,
              "Max": null,
              "Applied": false,
              "Count": 1,
              "Statement": null,
              "DisplayCoachMarks": false
            },
            {
              "Name": "Tutto Pasta",
              "Term": "Tutto Pasta",
              "ExtraOutputFields": {},
              "Min": null,
              "Max": null,
              "Applied": false,
              "Count": 4,
              "Statement": null,
              "DisplayCoachMarks": false
            },
            {
              "Name": "Twisted",
              "Term": "Twisted",
              "ExtraOutputFields": {},
              "Min": null,
              "Max": null,
              "Applied": false,
              "Count": 2,
              "Statement": null,
              "DisplayCoachMarks": false
            }
          ]
        },
        {
          "Alphabet": "U",
          "Filters": [
            {
              "Name": "Umami",
              "Term": "Umami",
              "ExtraOutputFields": {},
              "Min": null,
              "Max": null,
              "Applied": false,
              "Count": 2,
              "Statement": null,
              "DisplayCoachMarks": false
            }
          ]
        },
        {
          "Alphabet": "V",
          "Filters": []
        },
        {
          "Alphabet": "W",
          "Filters": [
            {
              "Name": "Weight Watchers",
              "Term": "Weight Watchers",
              "ExtraOutputFields": {},
              "Min": null,
              "Max": null,
              "Applied": false,
              "Count": 4,
              "Statement": null,
              "DisplayCoachMarks": false
            },
            {
              "Name": "Weis",
              "Term": "Weis",
              "ExtraOutputFields": {},
              "Min": null,
              "Max": null,
              "Applied": false,
              "Count": 13,
              "Statement": null,
              "DisplayCoachMarks": false
            },
            {
              "Name": "Woolworths",
              "Term": "Woolworths",
              "ExtraOutputFields": {},
              "Min": null,
              "Max": null,
              "Applied": false,
              "Count": 128,
              "Statement": null,
              "DisplayCoachMarks": false
            }
          ]
        },
        {
          "Alphabet": "X",
          "Filters": []
        },
        {
          "Alphabet": "Y",
          "Filters": []
        },
        {
          "Alphabet": "Z",
          "Filters": []
        }
      ],
      "State": "Closed",
      "Rank": 1,
      "AdditionalResults": false,
      "DesignType": "Default",
      "ShowFilter": true,
      "Statement": null,
      "DisplayCoachMarks": false
    },
    {
      "Name": "Allergens",
      "DisplayName": "Allergens",
      "Type": "Multi",
      "FilterType": "Term",
      "FilterDataType": "String",
      "Results": null,
      "ResultsGrouped": [
        {
          "Alphabet": "0-9",
          "Filters": []
        },
        {
          "Alphabet": "A",
          "Filters": []
        },
        {
          "Alphabet": "B",
          "Filters": []
        },
        {
          "Alphabet": "C",
          "Filters": [
            {
              "Name": "Crustacea Free",
              "Term": "Crustacea Free",
              "ExtraOutputFields": {},
              "Min": null,
              "Max": null,
              "Applied": false,
              "Count": 4,
              "Statement": null,
              "DisplayCoachMarks": false
            }
          ]
        },
        {
          "Alphabet": "D",
          "Filters": [
            {
              "Name": "Dairy Free",
              "Term": "Dairy Free",
              "ExtraOutputFields": {},
              "Min": null,
              "Max": null,
              "Applied": false,
              "Count": 327,
              "Statement": null,
              "DisplayCoachMarks": false
            }
          ]
        },
        {
          "Alphabet": "E",
          "Filters": [
            {
              "Name": "Egg Free",
              "Term": "Egg Free",
              "ExtraOutputFields": {},
              "Min": null,
              "Max": null,
              "Applied": false,
              "Count": 496,
              "Statement": null,
              "DisplayCoachMarks": false
            }
          ]
        },
        {
          "Alphabet": "F",
          "Filters": [
            {
              "Name": "Fish Free",
              "Term": "Fish Free",
              "ExtraOutputFields": {},
              "Min": null,
              "Max": null,
              "Applied": false,
              "Count": 612,
              "Statement": null,
              "DisplayCoachMarks": false
            }
          ]
        },
        {
          "Alphabet": "G",
          "Filters": [
            {
              "Name": "Gluten Free",
              "Term": "Gluten Free",
              "ExtraOutputFields": {},
              "Min": null,
              "Max": null,
              "Applied": false,
              "Count": 255,
              "Statement": null,
              "DisplayCoachMarks": false
            }
          ]
        },
        {
          "Alphabet": "H",
          "Filters": []
        },
        {
          "Alphabet": "I",
          "Filters": []
        },
        {
          "Alphabet": "J",
          "Filters": []
        },
        {
          "Alphabet": "K",
          "Filters": []
        },
        {
          "Alphabet": "L",
          "Filters": [
            {
              "Name": "Lactose Free",
              "Term": "Lactose Free",
              "ExtraOutputFields": {},
              "Min": null,
              "Max": null,
              "Applied": false,
              "Count": 320,
              "Statement": null,
              "DisplayCoachMarks": false
            },
            {
              "Name": "Lupin Free",
              "Term": "Lupin Free",
              "ExtraOutputFields": {},
              "Min": null,
              "Max": null,
              "Applied": false,
              "Count": 790,
              "Statement": null,
              "DisplayCoachMarks": false
            }
          ]
        },
        {
          "Alphabet": "M",
          "Filters": []
        },
        {
          "Alphabet": "N",
          "Filters": [
            {
              "Name": "No Artificial Colours & Flavours",
              "Term": "No Artificial Colours & Flavours",
              "ExtraOutputFields": {},
              "Min": null,
              "Max": null,
              "Applied": false,
              "Count": 2,
              "Statement": null,
              "DisplayCoachMarks": false
            },
            {
              "Name": "No Artificial Colours or Flavours",
              "Term": "No Artificial Colours or Flavours",
              "ExtraOutputFields": {},
              "Min": null,
              "Max": null,
              "Applied": false,
              "Count": 444,
              "Statement": null,
              "DisplayCoachMarks": false
            },
            {
              "Name": "No Artificial Preservatives",
              "Term": "No Artificial Preservatives",
              "ExtraOutputFields": {},
              "Min": null,
              "Max": null,
              "Applied": false,
              "Count": 284,
              "Statement": null,
              "DisplayCoachMarks": false
            },
            {
              "Name": "No Peanuts",
              "Term": "No Peanuts",
              "ExtraOutputFields": {},
              "Min": null,
              "Max": null,
              "Applied": false,
              "Count": 4,
              "Statement": null,
              "DisplayCoachMarks": false
            },
            {
              "Name": "No Tree Nuts",
              "Term": "No Tree Nuts",
              "ExtraOutputFields": {},
              "Min": null,
              "Max": null,
              "Applied": false,
              "Count": 6,
              "Statement": null,
              "DisplayCoachMarks": false
            }
          ]
        },
        {
          "Alphabet": "O",
          "Filters": []
        },
        {
          "Alphabet": "P",
          "Filters": []
        },
        {
          "Alphabet": "Q",
          "Filters": []
        },
        {
          "Alphabet": "R",
          "Filters": []
        },
        {
          "Alphabet": "S",
          "Filters": [
            {
              "Name": "Sesame Free",
              "Term": "Sesame Free",
              "ExtraOutputFields": {},
              "Min": null,
              "Max": null,
              "Applied": false,
              "Count": 8,
              "Statement": null,
              "DisplayCoachMarks": false
            },
            {
              "Name": "Soy Free",
              "Term": "Soy Free",
              "ExtraOutputFields": {},
              "Min": null,
              "Max": null,
              "Applied": false,
              "Count": 323,
              "Statement": null,
              "DisplayCoachMarks": false
            },
            {
              "Name": "Sulphite Free",
              "Term": "Sulphite Free",
              "ExtraOutputFields": {},
              "Min": null,
              "Max": null,
              "Applied": false,
              "Count": 2,
              "Statement": null,
              "DisplayCoachMarks": false
            }
          ]
        },
        {
          "Alphabet": "T",
          "Filters": []
        },
        {
          "Alphabet": "U",
          "Filters": []
        },
        {
          "Alphabet": "V",
          "Filters": []
        },
        {
          "Alphabet": "W",
          "Filters": [
            {
              "Name": "Wheat Free",
              "Term": "Wheat Free",
              "ExtraOutputFields": {},
              "Min": null,
              "Max": null,
              "Applied": false,
              "Count": 266,
              "Statement": null,
              "DisplayCoachMarks": false
            }
          ]
        },
        {
          "Alphabet": "X",
          "Filters": []
        },
        {
          "Alphabet": "Y",
          "Filters": []
        },
        {
          "Alphabet": "Z",
          "Filters": []
        }
      ],
      "State": "Closed",
      "Rank": 1,
      "AdditionalResults": false,
      "DesignType": "Default",
      "ShowFilter": true,
      "Statement": "Please always check the product label or enquire with the manufacturer before consuming. In Partnership with Spoon Guru. <a href=\" https://www.woolworths.com.au/shop/discover/healthy-eating/allergies-and-intolerances/filters\" target=\"_blank\">Find out more about our filters </a></span>",
      "DisplayCoachMarks": false
    },
    {
      "Name": "Lifestyle",
      "DisplayName": "Dietary and Lifestyle",
      "Type": "Multi",
      "FilterType": "Term",
      "FilterDataType": "String",
      "Results": null,
      "ResultsGrouped": [
        {
          "Alphabet": "0-9",
          "Filters": []
        },
        {
          "Alphabet": "A",
          "Filters": []
        },
        {
          "Alphabet": "B",
          "Filters": []
        },
        {
          "Alphabet": "C",
          "Filters": []
        },
        {
          "Alphabet": "D",
          "Filters": []
        },
        {
          "Alphabet": "E",
          "Filters": []
        },
        {
          "Alphabet": "F",
          "Filters": [
            {
              "Name": "Fair Trade",
              "Term": "Fair Trade",
              "ExtraOutputFields": {},
              "Min": null,
              "Max": null,
              "Applied": false,
              "Count": 14,
              "Statement": null,
              "DisplayCoachMarks": false
            },
            {
              "Name": "Free Range",
              "Term": "Free Range",
              "ExtraOutputFields": {},
              "Min": null,
              "Max": null,
              "Applied": false,
              "Count": 17,
              "Statement": null,
              "DisplayCoachMarks": false
            }
          ]
        },
        {
          "Alphabet": "G",
          "Filters": [
            {
              "Name": "Gluten Free",
              "Term": "Gluten Free",
              "ExtraOutputFields": {},
              "Min": null,
              "Max": null,
              "Applied": false,
              "Count": 255,
              "Statement": null,
              "DisplayCoachMarks": false
            }
          ]
        },
        {
          "Alphabet": "H",
          "Filters": [
            {
              "Name": "Halal",
              "Term": "Halal",
              "ExtraOutputFields": {},
              "Min": null,
              "Max": null,
              "Applied": false,
              "Count": 55,
              "Statement": null,
              "DisplayCoachMarks": false
            },
            {
              "Name": "High Fibre",
              "Term": "High Fibre",
              "ExtraOutputFields": {},
              "Min": null,
              "Max": null,
              "Applied": false,
              "Count": 94,
              "Statement": null,
              "DisplayCoachMarks": false
            },
            {
              "Name": "High Protein",
              "Term": "High Protein",
              "ExtraOutputFields": {},
              "Min": null,
              "Max": null,
              "Applied": false,
              "Count": 257,
              "Statement": null,
              "DisplayCoachMarks": false
            }
          ]
        },
        {
          "Alphabet": "I",
          "Filters": []
        },
        {
          "Alphabet": "J",
          "Filters": []
        },
        {
          "Alphabet": "K",
          "Filters": [
            {
              "Name": "Kosher",
              "Term": "Kosher",
              "ExtraOutputFields": {},
              "Min": null,
              "Max": null,
              "Applied": false,
              "Count": 35,
              "Statement": null,
              "DisplayCoachMarks": false
            }
          ]
        },
        {
          "Alphabet": "L",
          "Filters": [
            {
              "Name": "Low Fat",
              "Term": "Low Fat",
              "ExtraOutputFields": {},
              "Min": null,
              "Max": null,
              "Applied": false,
              "Count": 188,
              "Statement": null,
              "DisplayCoachMarks": false
            },
            {
              "Name": "Low Salt",
              "Term": "Low Salt",
              "ExtraOutputFields": {},
              "Min": null,
              "Max": null,
              "Applied": false,
              "Count": 311,
              "Statement": null,
              "DisplayCoachMarks": false
            },
            {
              "Name": "Low Saturated Fat",
              "Term": "Low Saturated Fat",
              "ExtraOutputFields": {},
              "Min": null,
              "Max": null,
              "Applied": false,
              "Count": 137,
              "Statement": null,
              "DisplayCoachMarks": false
            },
            {
              "Name": "Low Sugar",
              "Term": "Low Sugar",
              "ExtraOutputFields": {},
              "Min": null,
              "Max": null,
              "Applied": false,
              "Count": 490,
              "Statement": null,
              "DisplayCoachMarks": false
            }
          ]
        },
        {
          "Alphabet": "M",
          "Filters": []
        },
        {
          "Alphabet": "N",
          "Filters": []
        },
        {
          "Alphabet": "O",
          "Filters": [
            {
              "Name": "Organic",
              "Term": "Organic",
              "ExtraOutputFields": {},
              "Min": null,
              "Max": null,
              "Applied": false,
              "Count": 21,
              "Statement": null,
              "DisplayCoachMarks": false
            }
          ]
        },
        {
          "Alphabet": "P",
          "Filters": []
        },
        {
          "Alphabet": "Q",
          "Filters": []
        },
        {
          "Alphabet": "R",
          "Filters": []
        },
        {
          "Alphabet": "S",
          "Filters": [
            {
              "Name": "Source of Calcium",
              "Term": "Source of Calcium",
              "ExtraOutputFields": {},
              "Min": null,
              "Max": null,
              "Applied": false,
              "Count": 85,
              "Statement": null,
              "DisplayCoachMarks": false
            },
            {
              "Name": "Source of Fibre",
              "Term": "Source of Fibre",
              "ExtraOutputFields": {},
              "Min": null,
              "Max": null,
              "Applied": false,
              "Count": 233,
              "Statement": null,
              "DisplayCoachMarks": false
            },
            {
              "Name": "Source of Iron",
              "Term": "Source of Iron",
              "ExtraOutputFields": {},
              "Min": null,
              "Max": null,
              "Applied": false,
              "Count": 123,
              "Statement": null,
              "DisplayCoachMarks": false
            },
            {
              "Name": "Source of Protein",
              "Term": "Source of Protein",
              "ExtraOutputFields": {},
              "Min": null,
              "Max": null,
              "Applied": false,
              "Count": 317,
              "Statement": null,
              "DisplayCoachMarks": false
            },
            {
              "Name": "Sustainably Sourced",
              "Term": "Sustainably Sourced",
              "ExtraOutputFields": {},
              "Min": null,
              "Max": null,
              "Applied": false,
              "Count": 8,
              "Statement": null,
              "DisplayCoachMarks": false
            }
          ]
        },
        {
          "Alphabet": "T",
          "Filters": []
        },
        {
          "Alphabet": "U",
          "Filters": []
        },
        {
          "Alphabet": "V",
          "Filters": [
            {
              "Name": "Vegan",
              "Term": "Vegan",
              "ExtraOutputFields": {},
              "Min": null,
              "Max": null,
              "Applied": false,
              "Count": 213,
              "Statement": null,
              "DisplayCoachMarks": false
            },
            {
              "Name": "Vegetarian",
              "Term": "Vegetarian",
              "ExtraOutputFields": {},
              "Min": null,
              "Max": null,
              "Applied": false,
              "Count": 286,
              "Statement": null,
              "DisplayCoachMarks": false
            }
          ]
        },
        {
          "Alphabet": "W",
          "Filters": [
            {
              "Name": "Wholegrain",
              "Term": "Wholegrain",
              "ExtraOutputFields": {},
              "Min": null,
              "Max": null,
              "Applied": false,
              "Count": 3,
              "Statement": null,
              "DisplayCoachMarks": false
            }
          ]
        },
        {
          "Alphabet": "X",
          "Filters": []
        },
        {
          "Alphabet": "Y",
          "Filters": []
        },
        {
          "Alphabet": "Z",
          "Filters": []
        }
      ],
      "State": "Closed",
      "Rank": 1,
      "AdditionalResults": false,
      "DesignType": "Default",
      "ShowFilter": true,
      "Statement": "Please always check the product label or enquire with the manufacturer before consuming. In Partnership with Spoon Guru. <a href=\" https://www.woolworths.com.au/shop/discover/healthy-eating/allergies-and-intolerances/filters\" target=\"_blank\">Find out more about our filters </a></span>",
      "DisplayCoachMarks": false
    },
    {
      "Name": "Healthstar",
      "DisplayName": "Health Star Rating",
      "Type": "Multi",
      "FilterType": "Term",
      "FilterDataType": "String",
      "Results": null,
      "ResultsGrouped": [
        {
          "Alphabet": "0-9",
          "Filters": [
            {
              "Name": "1-star",
              "Term": "1-star",
              "ExtraOutputFields": {},
              "Min": null,
              "Max": null,
              "Applied": false,
              "Count": 20,
              "Statement": null,
              "DisplayCoachMarks": false
            },
            {
              "Name": "2-star",
              "Term": "2-star",
              "ExtraOutputFields": {},
              "Min": null,
              "Max": null,
              "Applied": false,
              "Count": 58,
              "Statement": null,
              "DisplayCoachMarks": false
            },
            {
              "Name": "3-star",
              "Term": "3-star",
              "ExtraOutputFields": {},
              "Min": null,
              "Max": null,
              "Applied": false,
              "Count": 120,
              "Statement": null,
              "DisplayCoachMarks": false
            },
            {
              "Name": "4-star",
              "Term": "4-star",
              "ExtraOutputFields": {},
              "Min": null,
              "Max": null,
              "Applied": false,
              "Count": 112,
              "Statement": null,
              "DisplayCoachMarks": false
            },
            {
              "Name": "5-star",
              "Term": "5-star",
              "ExtraOutputFields": {},
              "Min": null,
              "Max": null,
              "Applied": false,
              "Count": 63,
              "Statement": null,
              "DisplayCoachMarks": false
            }
          ]
        },
        {
          "Alphabet": "A",
          "Filters": []
        },
        {
          "Alphabet": "B",
          "Filters": []
        },
        {
          "Alphabet": "C",
          "Filters": []
        },
        {
          "Alphabet": "D",
          "Filters": []
        },
        {
          "Alphabet": "E",
          "Filters": []
        },
        {
          "Alphabet": "F",
          "Filters": []
        },
        {
          "Alphabet": "G",
          "Filters": []
        },
        {
          "Alphabet": "H",
          "Filters": []
        },
        {
          "Alphabet": "I",
          "Filters": []
        },
        {
          "Alphabet": "J",
          "Filters": []
        },
        {
          "Alphabet": "K",
          "Filters": []
        },
        {
          "Alphabet": "L",
          "Filters": []
        },
        {
          "Alphabet": "M",
          "Filters": []
        },
        {
          "Alphabet": "N",
          "Filters": []
        },
        {
          "Alphabet": "O",
          "Filters": []
        },
        {
          "Alphabet": "P",
          "Filters": []
        },
        {
          "Alphabet": "Q",
          "Filters": []
        },
        {
          "Alphabet": "R",
          "Filters": []
        },
        {
          "Alphabet": "S",
          "Filters": []
        },
        {
          "Alphabet": "T",
          "Filters": []
        },
        {
          "Alphabet": "U",
          "Filters": []
        },
        {
          "Alphabet": "V",
          "Filters": []
        },
        {
          "Alphabet": "W",
          "Filters": []
        },
        {
          "Alphabet": "X",
          "Filters": []
        },
        {
          "Alphabet": "Y",
          "Filters": []
        },
        {
          "Alphabet": "Z",
          "Filters": []
        }
      ],
      "State": "Closed",
      "Rank": 1,
      "AdditionalResults": false,
      "DesignType": "Default",
      "ShowFilter": true,
      "Statement": null,
      "DisplayCoachMarks": false
    },
    {
      "Name": "Category",
      "DisplayName": "Categories",
      "Type": "Multi",
      "FilterType": "Term",
      "FilterDataType": "String",
      "Results": [
        {
          "Name": "1_ACA2FC2",
          "Term": "1_ACA2FC2",
          "ExtraOutputFields": {
            "description": "Freezer",
            "nodelevel": 1,
            "displayorder": 6,
            "parentnodeid": null
          },
          "Min": null,
          "Max": null,
          "Applied": false,
          "Count": 1010,
          "Statement": null,
          "DisplayCoachMarks": false
        },
        {
          "Name": "1_D04DE47",
          "Term": "1_D04DE47",
          "ExtraOutputFields": {
            "description": "Ice Cream",
            "nodelevel": 2,
            "displayorder": 107,
            "parentnodeid": "1_ACA2FC2"
          },
          "Min": null,
          "Max": null,
          "Applied": false,
          "Count": 295,
          "Statement": null,
          "DisplayCoachMarks": false
        },
        {
          "Name": "1_5CE3A44",
          "Term": "1_5CE3A44",
          "ExtraOutputFields": {
            "description": "Frozen Meals",
            "nodelevel": 2,
            "displayorder": 99,
            "parentnodeid": "1_ACA2FC2"
          },
          "Min": null,
          "Max": null,
          "Applied": false,
          "Count": 173,
          "Statement": null,
          "DisplayCoachMarks": false
        },
        {
          "Name": "1_9B7B3C2",
          "Term": "1_9B7B3C2",
          "ExtraOutputFields": {
            "description": "Frozen Meals",
            "nodelevel": 3,
            "displayorder": 335,
            "parentnodeid": "1_5CE3A44"
          },
          "Min": null,
          "Max": null,
          "Applied": false,
          "Count": 155,
          "Statement": null,
          "DisplayCoachMarks": false
        },
        {
          "Name": "1_BEADFEA",
          "Term": "1_BEADFEA",
          "ExtraOutputFields": {
            "description": "Frozen Party Food",
            "nodelevel": 2,
            "displayorder": 109,
            "parentnodeid": "1_ACA2FC2"
          },
          "Min": null,
          "Max": null,
          "Applied": false,
          "Count": 152,
          "Statement": null,
          "DisplayCoachMarks": false
        },
        {
          "Name": "1_8FCCC36",
          "Term": "1_8FCCC36",
          "ExtraOutputFields": {
            "description": "Ice Cream Multi Packs",
            "nodelevel": 3,
            "displayorder": 706,
            "parentnodeid": "1_D04DE47"
          },
          "Min": null,
          "Max": null,
          "Applied": false,
          "Count": 136,
          "Statement": null,
          "DisplayCoachMarks": false
        },
        {
          "Name": "1_C4BB750",
          "Term": "1_C4BB750",
          "ExtraOutputFields": {
            "description": "Easter",
            "nodelevel": 1,
            "displayorder": 14,
            "parentnodeid": null
          },
          "Min": null,
          "Max": null,
          "Applied": false,
          "Count": 110,
          "Statement": null,
          "DisplayCoachMarks": false
        },
        {
          "Name": "1_B05DE1A",
          "Term": "1_B05DE1A",
          "ExtraOutputFields": {
            "description": "Ice Cream Tubs",
            "nodelevel": 3,
            "displayorder": 705,
            "parentnodeid": "1_D04DE47"
          },
          "Min": null,
          "Max": null,
          "Applied": false,
          "Count": 105,
          "Statement": null,
          "DisplayCoachMarks": false
        },
        {
          "Name": "1_8CB48E6",
          "Term": "1_8CB48E6",
          "ExtraOutputFields": {
            "description": "Frozen Finger Food",
            "nodelevel": 3,
            "displayorder": 616,
            "parentnodeid": "1_BEADFEA"
          },
          "Min": null,
          "Max": null,
          "Applied": false,
          "Count": 92,
          "Statement": null,
          "DisplayCoachMarks": false
        },
        {
          "Name": "1_A96D7F8",
          "Term": "1_A96D7F8",
          "ExtraOutputFields": {
            "description": "Frozen Vegetables",
            "nodelevel": 2,
            "displayorder": 105,
            "parentnodeid": "1_ACA2FC2"
          },
          "Min": null,
          "Max": null,
          "Applied": false,
          "Count": 92,
          "Statement": null,
          "DisplayCoachMarks": false
        },
        {
          "Name": "1_B0FFC5D",
          "Term": "1_B0FFC5D",
          "ExtraOutputFields": {
            "description": "Frozen Seafood",
            "nodelevel": 2,
            "displayorder": 102,
            "parentnodeid": "1_ACA2FC2"
          },
          "Min": null,
          "Max": null,
          "Applied": false,
          "Count": 89,
          "Statement": null,
          "DisplayCoachMarks": false
        },
        {
          "Name": "1_30594F5",
          "Term": "1_30594F5",
          "ExtraOutputFields": {
            "description": "Premium Ice Cream",
            "nodelevel": 3,
            "displayorder": 707,
            "parentnodeid": "1_D04DE47"
          },
          "Min": null,
          "Max": null,
          "Applied": false,
          "Count": 75,
          "Statement": null,
          "DisplayCoachMarks": false
        },
        {
          "Name": "1_DE5272F",
          "Term": "1_DE5272F",
          "ExtraOutputFields": {
            "description": "Fish Fillets",
            "nodelevel": 3,
            "displayorder": 585,
            "parentnodeid": "1_B0FFC5D"
          },
          "Min": null,
          "Max": null,
          "Applied": false,
          "Count": 67,
          "Statement": null,
          "DisplayCoachMarks": false
        },
        {
          "Name": "1_CBB2A83",
          "Term": "1_CBB2A83",
          "ExtraOutputFields": {
            "description": "Vegetarian & Vegan",
            "nodelevel": 2,
            "displayorder": 119,
            "parentnodeid": "1_C4BB750"
          },
          "Min": null,
          "Max": null,
          "Applied": false,
          "Count": 61,
          "Statement": null,
          "DisplayCoachMarks": false
        },
        {
          "Name": "1_F25A45F",
          "Term": "1_F25A45F",
          "ExtraOutputFields": {
            "description": "Pies, Pastries & Quiches",
            "nodelevel": 3,
            "displayorder": 617,
            "parentnodeid": "1_BEADFEA"
          },
          "Min": null,
          "Max": null,
          "Applied": false,
          "Count": 57,
          "Statement": null,
          "DisplayCoachMarks": false
        },
        {
          "Name": "1_80CCBDB",
          "Term": "1_80CCBDB",
          "ExtraOutputFields": {
            "description": "Frozen Desserts",
            "nodelevel": 2,
            "displayorder": 108,
            "parentnodeid": "1_ACA2FC2"
          },
          "Min": null,
          "Max": null,
          "Applied": false,
          "Count": 54,
          "Statement": null,
          "DisplayCoachMarks": false
        },
        {
          "Name": "1_7BE3AEA",
          "Term": "1_7BE3AEA",
          "ExtraOutputFields": {
            "description": "Frozen Meat",
            "nodelevel": 2,
            "displayorder": 103,
            "parentnodeid": "1_ACA2FC2"
          },
          "Min": null,
          "Max": null,
          "Applied": false,
          "Count": 52,
          "Statement": null,
          "DisplayCoachMarks": false
        },
        {
          "Name": "1_22C1314",
          "Term": "1_22C1314",
          "ExtraOutputFields": {
            "description": "Chips & Wedges",
            "nodelevel": 2,
            "displayorder": 101,
            "parentnodeid": "1_ACA2FC2"
          },
          "Min": null,
          "Max": null,
          "Applied": false,
          "Count": 49,
          "Statement": null,
          "DisplayCoachMarks": false
        },
        {
          "Name": "1_286714C",
          "Term": "1_286714C",
          "ExtraOutputFields": {
            "description": "Chicken Pieces & Nuggets",
            "nodelevel": 3,
            "displayorder": 419,
            "parentnodeid": "1_7BE3AEA"
          },
          "Min": null,
          "Max": null,
          "Applied": false,
          "Count": 49,
          "Statement": null,
          "DisplayCoachMarks": false
        },
        {
          "Name": "1_7A9E1A9",
          "Term": "1_7A9E1A9",
          "ExtraOutputFields": {
            "description": "Meat & Seafood",
            "nodelevel": 2,
            "displayorder": 116,
            "parentnodeid": "1_C4BB750"
          },
          "Min": null,
          "Max": null,
          "Applied": false,
          "Count": 49,
          "Statement": null,
          "DisplayCoachMarks": false
        },
        {
          "Name": "1_BEC520F",
          "Term": "1_BEC520F",
          "ExtraOutputFields": {
            "description": "Fish",
            "nodelevel": 3,
            "displayorder": 414,
            "parentnodeid": "1_7A9E1A9"
          },
          "Min": null,
          "Max": null,
          "Applied": false,
          "Count": 48,
          "Statement": null,
          "DisplayCoachMarks": false
        },
        {
          "Name": "1_E196B27",
          "Term": "1_E196B27",
          "ExtraOutputFields": {
            "description": "Mixed Vegetables",
            "nodelevel": 3,
            "displayorder": 556,
            "parentnodeid": "1_A96D7F8"
          },
          "Min": null,
          "Max": null,
          "Applied": false,
          "Count": 41,
          "Statement": null,
          "DisplayCoachMarks": false
        },
        {
          "Name": "1_21A5468",
          "Term": "1_21A5468",
          "ExtraOutputFields": {
            "description": "Snacks",
            "nodelevel": 3,
            "displayorder": 667,
            "parentnodeid": "1_CBB2A83"
          },
          "Min": null,
          "Max": null,
          "Applied": false,
          "Count": 40,
          "Statement": null,
          "DisplayCoachMarks": false
        },
        {
          "Name": "1_4B53D5A",
          "Term": "1_4B53D5A",
          "ExtraOutputFields": {
            "description": "Frozen Fruit",
            "nodelevel": 2,
            "displayorder": 106,
            "parentnodeid": "1_ACA2FC2"
          },
          "Min": null,
          "Max": null,
          "Applied": false,
          "Count": 38,
          "Statement": null,
          "DisplayCoachMarks": false
        },
        {
          "Name": "1_965B122",
          "Term": "1_965B122",
          "ExtraOutputFields": {
            "description": "Berries & Tropical",
            "nodelevel": 3,
            "displayorder": 302,
            "parentnodeid": "1_4B53D5A"
          },
          "Min": null,
          "Max": null,
          "Applied": false,
          "Count": 38,
          "Statement": null,
          "DisplayCoachMarks": false
        },
        {
          "Name": "1_0B78397",
          "Term": "1_0B78397",
          "ExtraOutputFields": {
            "description": "Pizzas",
            "nodelevel": 3,
            "displayorder": 404,
            "parentnodeid": "1_7732C14"
          },
          "Min": null,
          "Max": null,
          "Applied": false,
          "Count": 37,
          "Statement": null,
          "DisplayCoachMarks": false
        },
        {
          "Name": "1_7732C14",
          "Term": "1_7732C14",
          "ExtraOutputFields": {
            "description": "Frozen Pizzas",
            "nodelevel": 2,
            "displayorder": 104,
            "parentnodeid": "1_ACA2FC2"
          },
          "Min": null,
          "Max": null,
          "Applied": false,
          "Count": 37,
          "Statement": null,
          "DisplayCoachMarks": false
        },
        {
          "Name": "1_130E433",
          "Term": "1_130E433",
          "ExtraOutputFields": {
            "description": "Gluten Free",
            "nodelevel": 3,
            "displayorder": 288,
            "parentnodeid": "1_3382FC2"
          },
          "Min": null,
          "Max": null,
          "Applied": false,
          "Count": 32,
          "Statement": null,
          "DisplayCoachMarks": false
        },
        {
          "Name": "1_3382FC2",
          "Term": "1_3382FC2",
          "ExtraOutputFields": {
            "description": "Frozen Gluten Free",
            "nodelevel": 2,
            "displayorder": 100,
            "parentnodeid": "1_ACA2FC2"
          },
          "Min": null,
          "Max": null,
          "Applied": false,
          "Count": 32,
          "Statement": null,
          "DisplayCoachMarks": false
        },
        {
          "Name": "1_8C07B3F",
          "Term": "1_8C07B3F",
          "ExtraOutputFields": {
            "description": "Chips",
            "nodelevel": 3,
            "displayorder": 240,
            "parentnodeid": "1_22C1314"
          },
          "Min": null,
          "Max": null,
          "Applied": false,
          "Count": 31,
          "Statement": null,
          "DisplayCoachMarks": false
        },
        {
          "Name": "1_45977FE",
          "Term": "1_45977FE",
          "ExtraOutputFields": {
            "description": "Frozen Pies & Sausage Rolls",
            "nodelevel": 2,
            "displayorder": 110,
            "parentnodeid": "1_ACA2FC2"
          },
          "Min": null,
          "Max": null,
          "Applied": false,
          "Count": 24,
          "Statement": null,
          "DisplayCoachMarks": false
        },
        {
          "Name": "1_A745DDA",
          "Term": "1_A745DDA",
          "ExtraOutputFields": {
            "description": "Pies & Sausage Rolls",
            "nodelevel": 3,
            "displayorder": 299,
            "parentnodeid": "1_45977FE"
          },
          "Min": null,
          "Max": null,
          "Applied": false,
          "Count": 24,
          "Statement": null,
          "DisplayCoachMarks": false
        },
        {
          "Name": "1_10DA76D",
          "Term": "1_10DA76D",
          "ExtraOutputFields": {
            "description": "Dessert Pies & Pastries",
            "nodelevel": 3,
            "displayorder": 440,
            "parentnodeid": "1_80CCBDB"
          },
          "Min": null,
          "Max": null,
          "Applied": false,
          "Count": 23,
          "Statement": null,
          "DisplayCoachMarks": false
        },
        {
          "Name": "1_4417CEB",
          "Term": "1_4417CEB",
          "ExtraOutputFields": {
            "description": "Beans & Peas",
            "nodelevel": 3,
            "displayorder": 554,
            "parentnodeid": "1_A96D7F8"
          },
          "Min": null,
          "Max": null,
          "Applied": false,
          "Count": 23,
          "Statement": null,
          "DisplayCoachMarks": false
        },
        {
          "Name": "1_824574C",
          "Term": "1_824574C",
          "ExtraOutputFields": {
            "description": "Deli Seafood",
            "nodelevel": 3,
            "displayorder": 723,
            "parentnodeid": "1_D610306"
          },
          "Min": null,
          "Max": null,
          "Applied": false,
          "Count": 22,
          "Statement": null,
          "DisplayCoachMarks": false
        },
        {
          "Name": "1_8F9A344",
          "Term": "1_8F9A344",
          "ExtraOutputFields": {
            "description": "Other Vegetables",
            "nodelevel": 3,
            "displayorder": 559,
            "parentnodeid": "1_A96D7F8"
          },
          "Min": null,
          "Max": null,
          "Applied": false,
          "Count": 22,
          "Statement": null,
          "DisplayCoachMarks": false
        },
        {
          "Name": "1_D5A2236",
          "Term": "1_D5A2236",
          "ExtraOutputFields": {
            "description": "Meat, Seafood & Deli",
            "nodelevel": 1,
            "displayorder": 2,
            "parentnodeid": null
          },
          "Min": null,
          "Max": null,
          "Applied": false,
          "Count": 22,
          "Statement": null,
          "DisplayCoachMarks": false
        },
        {
          "Name": "1_D610306",
          "Term": "1_D610306",
          "ExtraOutputFields": {
            "description": "Seafood",
            "nodelevel": 2,
            "displayorder": 123,
            "parentnodeid": "1_D5A2236"
          },
          "Min": null,
          "Max": null,
          "Applied": false,
          "Count": 22,
          "Statement": null,
          "DisplayCoachMarks": false
        },
        {
          "Name": "1_2D3A387",
          "Term": "1_2D3A387",
          "ExtraOutputFields": {
            "description": "Vegan & Meat Free Meals",
            "nodelevel": 3,
            "displayorder": 338,
            "parentnodeid": "1_5CE3A44"
          },
          "Min": null,
          "Max": null,
          "Applied": false,
          "Count": 21,
          "Statement": null,
          "DisplayCoachMarks": false
        },
        {
          "Name": "1_86F6C57",
          "Term": "1_86F6C57",
          "ExtraOutputFields": {
            "description": "Desserts",
            "nodelevel": 3,
            "displayorder": 665,
            "parentnodeid": "1_CBB2A83"
          },
          "Min": null,
          "Max": null,
          "Applied": false,
          "Count": 21,
          "Statement": null,
          "DisplayCoachMarks": false
        },
        {
          "Name": "1_CB0F903",
          "Term": "1_CB0F903",
          "ExtraOutputFields": {
            "description": "Hashbrowns",
            "nodelevel": 3,
            "displayorder": 241,
            "parentnodeid": "1_22C1314"
          },
          "Min": null,
          "Max": null,
          "Applied": false,
          "Count": 17,
          "Statement": null,
          "DisplayCoachMarks": false
        },
        {
          "Name": "1_3FF36AC",
          "Term": "1_3FF36AC",
          "ExtraOutputFields": {
            "description": "Gelato & Sorbet",
            "nodelevel": 3,
            "displayorder": 709,
            "parentnodeid": "1_D04DE47"
          },
          "Min": null,
          "Max": null,
          "Applied": false,
          "Count": 15,
          "Statement": null,
          "DisplayCoachMarks": false
        },
        {
          "Name": "1_DC2B2E9",
          "Term": "1_DC2B2E9",
          "ExtraOutputFields": {
            "description": "Steam Packs",
            "nodelevel": 3,
            "displayorder": 557,
            "parentnodeid": "1_A96D7F8"
          },
          "Min": null,
          "Max": null,
          "Applied": false,
          "Count": 14,
          "Statement": null,
          "DisplayCoachMarks": false
        },
        {
          "Name": "1_F01FE04",
          "Term": "1_F01FE04",
          "ExtraOutputFields": {
            "description": "Frozen Seafood",
            "nodelevel": 3,
            "displayorder": 586,
            "parentnodeid": "1_B0FFC5D"
          },
          "Min": null,
          "Max": null,
          "Applied": false,
          "Count": 14,
          "Statement": null,
          "DisplayCoachMarks": false
        },
        {
          "Name": "1_7CC166B",
          "Term": "1_7CC166B",
          "ExtraOutputFields": {
            "description": "Ice Cream Cakes",
            "nodelevel": 3,
            "displayorder": 710,
            "parentnodeid": "1_D04DE47"
          },
          "Min": null,
          "Max": null,
          "Applied": false,
          "Count": 13,
          "Statement": null,
          "DisplayCoachMarks": false
        },
        {
          "Name": "1_A177C11",
          "Term": "1_A177C11",
          "ExtraOutputFields": {
            "description": "Cakes & Cheesecakes",
            "nodelevel": 3,
            "displayorder": 439,
            "parentnodeid": "1_80CCBDB"
          },
          "Min": null,
          "Max": null,
          "Applied": false,
          "Count": 13,
          "Statement": null,
          "DisplayCoachMarks": false
        },
        {
          "Name": "1_2BE5A2D",
          "Term": "1_2BE5A2D",
          "ExtraOutputFields": {
            "description": "Healthier Frozen Meals",
            "nodelevel": 3,
            "displayorder": 337,
            "parentnodeid": "1_5CE3A44"
          },
          "Min": null,
          "Max": null,
          "Applied": false,
          "Count": 12,
          "Statement": null,
          "DisplayCoachMarks": false
        },
        {
          "Name": "1_9A51D0E",
          "Term": "1_9A51D0E",
          "ExtraOutputFields": {
            "description": "Fish Fingers & Cakes",
            "nodelevel": 3,
            "displayorder": 584,
            "parentnodeid": "1_B0FFC5D"
          },
          "Min": null,
          "Max": null,
          "Applied": false,
          "Count": 12,
          "Statement": null,
          "DisplayCoachMarks": false
        },
        {
          "Name": "1_B994346",
          "Term": "1_B994346",
          "ExtraOutputFields": {
            "description": "Pastry Sheets",
            "nodelevel": 3,
            "displayorder": 618,
            "parentnodeid": "1_BEADFEA"
          },
          "Min": null,
          "Max": null,
          "Applied": false,
          "Count": 12,
          "Statement": null,
          "DisplayCoachMarks": false
        },
        {
          "Name": "1_C288C97",
          "Term": "1_C288C97",
          "ExtraOutputFields": {
            "description": "Pastry Sheets",
            "nodelevel": 3,
            "displayorder": 441,
            "parentnodeid": "1_80CCBDB"
          },
          "Min": null,
          "Max": null,
          "Applied": false,
          "Count": 12,
          "Statement": null,
          "DisplayCoachMarks": false
        },
        {
          "Name": "1_36E3CFA",
          "Term": "1_36E3CFA",
          "ExtraOutputFields": {
            "description": "Assorted Desserts",
            "nodelevel": 3,
            "displayorder": 438,
            "parentnodeid": "1_80CCBDB"
          },
          "Min": null,
          "Max": null,
          "Applied": false,
          "Count": 11,
          "Statement": null,
          "DisplayCoachMarks": false
        },
        {
          "Name": "1_1A0F35E",
          "Term": "1_1A0F35E",
          "ExtraOutputFields": {
            "description": "Prepacked Seafood",
            "nodelevel": 3,
            "displayorder": 722,
            "parentnodeid": "1_D610306"
          },
          "Min": null,
          "Max": null,
          "Applied": false,
          "Count": 9,
          "Statement": null,
          "DisplayCoachMarks": false
        },
        {
          "Name": "1_430A5D4",
          "Term": "1_430A5D4",
          "ExtraOutputFields": {
            "description": "Corn",
            "nodelevel": 3,
            "displayorder": 555,
            "parentnodeid": "1_A96D7F8"
          },
          "Min": null,
          "Max": null,
          "Applied": false,
          "Count": 6,
          "Statement": null,
          "DisplayCoachMarks": false
        },
        {
          "Name": "1_BF1BE76",
          "Term": "1_BF1BE76",
          "ExtraOutputFields": {
            "description": "Fish",
            "nodelevel": 3,
            "displayorder": 796,
            "parentnodeid": "1_F3CEF67"
          },
          "Min": null,
          "Max": null,
          "Applied": false,
          "Count": 5,
          "Statement": null,
          "DisplayCoachMarks": false
        },
        {
          "Name": "1_F3CEF67",
          "Term": "1_F3CEF67",
          "ExtraOutputFields": {
            "description": "BBQ Meat & Seafood",
            "nodelevel": 2,
            "displayorder": 126,
            "parentnodeid": "1_D5A2236"
          },
          "Min": null,
          "Max": null,
          "Applied": false,
          "Count": 5,
          "Statement": null,
          "DisplayCoachMarks": false
        },
        {
          "Name": "1_1BC2142",
          "Term": "1_1BC2142",
          "ExtraOutputFields": {
            "description": "Whole Birds & Roasts",
            "nodelevel": 3,
            "displayorder": 420,
            "parentnodeid": "1_7BE3AEA"
          },
          "Min": null,
          "Max": null,
          "Applied": false,
          "Count": 3,
          "Statement": null,
          "DisplayCoachMarks": false
        },
        {
          "Name": "1_B59D42A",
          "Term": "1_B59D42A",
          "ExtraOutputFields": {
            "description": "Wedges",
            "nodelevel": 3,
            "displayorder": 242,
            "parentnodeid": "1_22C1314"
          },
          "Min": null,
          "Max": null,
          "Applied": false,
          "Count": 3,
          "Statement": null,
          "DisplayCoachMarks": false
        },
        {
          "Name": "1_EE7C720",
          "Term": "1_EE7C720",
          "ExtraOutputFields": {
            "description": "Frozen Yoghurt",
            "nodelevel": 3,
            "displayorder": 708,
            "parentnodeid": "1_D04DE47"
          },
          "Min": null,
          "Max": null,
          "Applied": false,
          "Count": 3,
          "Statement": null,
          "DisplayCoachMarks": false
        },
        {
          "Name": "1_00ED79B",
          "Term": "1_00ED79B",
          "ExtraOutputFields": {
            "description": "Vegetarian & Vegan",
            "nodelevel": 2,
            "displayorder": 68,
            "parentnodeid": "1_6E4F4E4"
          },
          "Min": null,
          "Max": null,
          "Applied": false,
          "Count": 2,
          "Statement": null,
          "DisplayCoachMarks": false
        },
        {
          "Name": "1_2DDBF53",
          "Term": "1_2DDBF53",
          "ExtraOutputFields": {
            "description": "Vegetarian & Meat Free",
            "nodelevel": 3,
            "displayorder": 152,
            "parentnodeid": "1_00ED79B"
          },
          "Min": null,
          "Max": null,
          "Applied": false,
          "Count": 2,
          "Statement": null,
          "DisplayCoachMarks": false
        },
        {
          "Name": "1_6E4F4E4",
          "Term": "1_6E4F4E4",
          "ExtraOutputFields": {
            "description": "Dairy, Eggs & Fridge",
            "nodelevel": 1,
            "displayorder": 4,
            "parentnodeid": null
          },
          "Min": null,
          "Max": null,
          "Applied": false,
          "Count": 2,
          "Statement": null,
          "DisplayCoachMarks": false
        },
        {
          "Name": "1_8AAAD15",
          "Term": "1_8AAAD15",
          "ExtraOutputFields": {
            "description": "Pork",
            "nodelevel": 3,
            "displayorder": 418,
            "parentnodeid": "1_7BE3AEA"
          },
          "Min": null,
          "Max": null,
          "Applied": false,
          "Count": 1,
          "Statement": null,
          "DisplayCoachMarks": false
        },
        {
          "Name": "1_D5ABEB8",
          "Term": "1_D5ABEB8",
          "ExtraOutputFields": {
            "description": "Beef, Pork & Lamb",
            "nodelevel": 3,
            "displayorder": 416,
            "parentnodeid": "1_7A9E1A9"
          },
          "Min": null,
          "Max": null,
          "Applied": false,
          "Count": 1,
          "Statement": null,
          "DisplayCoachMarks": false
        }
      ],
      "ResultsGrouped": null,
      "State": "Closed",
      "Rank": 1,
      "AdditionalResults": false,
      "DesignType": "Default",
      "ShowFilter": false,
      "Statement": null,
      "DisplayCoachMarks": false
    }
  ],
  "HasRewardsCard": true,
  "HasTobaccoItems": false,
  "Success": true
}