{
  "SeoMetaTags": {
    "Title": "Dairy, Eggs & Fridge",
    "MetaDescription": "Shop online at Woolworths for your groceries. We’re here to help you eat fresher & healthier food, 7 days a week with low prices always.",
    "Groups": []
  },
  "Bundles": [
    {
      "Products": [
        {
          "TileID": 0,
          "Stockcode": 793415,
          "Barcode": "93519007",
          "GtinFormat": 8,
          "CupPrice": 1.82,
          "InstoreCupPrice": 1.82,
          "CupMeasure": "100G",
          "CupString": "$1.82 / 100G",
          "InstoreCupString": "$1.82 / 100G",
          "HasCupPrice": true,
          "InstoreHasCupPrice": true,
          "Price": 2,
          "InstorePrice": 2,
          "Name": "Woolworths Creamy Pasta Salad",
          "UrlFriendlyName": "woolworths-creamy-pasta-salad",
          "Description": " Woolworths Creamy Pasta<br>Salad 110g",
          "SmallImageFile": "https://cdn0.woolworths.media/content/wowproductimages/small/793415.jpg",
          "MediumImageFile": "https://cdn0.woolworths.media/content/wowproductimages/medium/793415.jpg",
          "LargeImageFile": "https://cdn0.woolworths.media/content/wowproductimages/large/793415.jpg",
          "IsNew": false,
          "IsOnSpecial": false,
          "InstoreIsOnSpecial": false,
          "IsEdrSpecial": false,
          "SavingsAmount": 0,
          "InstoreSavingsAmount": 0,
          "WasPrice": 2,
          "InstoreWasPrice": 2,
          "QuantityInTrolley": 0,
          "Unit": "Each",
          "MinimumQuantity": 1,
          "HasBeenBoughtBefore": false,
          "IsInTrolley": false,
          "Source": "Aisle.DairyEggsFridge",
          "SupplyLimit": 36,
          "IsRanged": false,
          "IsInStock": true,
          "PackageSize": "110g",
          "IsPmDelivery": true,
          "IsForCollection": true,
          "IsForDelivery": true,
          "IsForExpress": false,
          "ProductRestrictionMessage": null,
          "ProductWarningMessage": null,
          "CentreTag": {
            "TagContent": null,
            "TagLink": null,
            "FallbackText": null,
            "TagType": "None",
            "MultibuyData": null
          },
          "IsCentreTag": false,
          "ImageTag": {
            "TagContent": null,
            "TagLink": null,
            "FallbackText": "",
            "TagType": "None",
            "MultibuyData": null
          },
          "HeaderTag": null,
          "HasHeaderTag": false,
          "UnitWeightInGrams": 115,
          "SupplyLimitMessage": "'Woolworths Creamy Pasta Salad' has a supply limit of 36. The quantity in your cart has been reduced accordingly. To purchase a larger quantity, please contact us on 1800 000 610. Please note we do not supply trade orders.",
          "SmallFormatDescription": "Woolworths Creamy Pasta Salad",
          "FullDescription": "Woolworths Creamy Pasta Salad",
          "IsAvailable": true,
          "InstoreIsAvailable": true,
          "IsPurchasable": true,
          "InstoreIsPurchasable": true,
          "AgeRestricted": false,
          "DisplayQuantity": 1,
          "RichDescription": "<div><em>This product varies by state. Please review the product packaging for specific details when you receive this product, including nutritional information and country of origin, before consuming.<br><br></em><strong>Allergen<br><br></strong><em>As this product varies by state, please review the product packaging when you receive your order for allergen information to determine whether this product is suitable for you before consuming, particularly if you suffer from a food allergy or intolerance.</em></div>",
          "IsDeliveryPass": false,
          "HideWasSavedPrice": false,
          "SapCategories": null,
          "Brand": "woolworths",
          "IsRestrictedByDeliveryMethod": false,
          "FooterTag": {
            "TagContent": null,
            "TagLink": null,
            "FallbackText": null,
            "TagType": "None",
            "MultibuyData": null
          },
          "IsFooterEnabled": true,
          "Diagnostics": "1728",
          "IsBundle": false,
          "IsInFamily": false,
          "ChildProducts": [],
          "UrlOverride": null,
          "AdditionalAttributes": {
            "sapdepartmentname": "FRESH CONVENIENCE",
            "sapdepartmentno": "10",
            "sapcategoryname": "DELI CONVENIENCE",
            "sapcategoryno": "2",
            "sapsubcategoryname": "SALADS PREPACKED",
            "sapsubcategoryno": "265",
            "sapsegmentname": "WET SMALL",
            "sapsegmentno": "7",
            "specialsgroupid": null,
            "PiesProductDepartmentNodeId": "1_6E4F4E4",
            "PiesProductDepartmentsjson": "[{\"Id\":\"1_6E4F4E4\",\"Description\":\"Dairy, Eggs & Fridge\"},{\"Id\":\"1_D5A2236\",\"Description\":\"Meat, Seafood & Deli\"}]",
            "piesdepartmentnamesjson": "[\"Dairy, Eggs & Fridge\",\"Meat, Seafood & Deli\"]",
            "piescategorynamesjson": "[\"Ready to Eat Meals\",\"Deli Specialities\"]",
            "piessubcategorynamesjson": "[\"Salads\",\"Packaged Salads & Sides\"]",
            "servingsize-total-nip": null,
            "servingsperpack-total-nip": null,
            "microwaveable": "False",
            "ovencook": "False",
            "vegetarian": "False",
            "freezable": "False",
            "containsnuts": "False",
            "containsgluten": "False",
            "description": "<div><em>This product varies by state. Please review the product packaging for specific details when you receive this product, including nutritional information and country of origin, before consuming.<br><br></em><strong>Allergen<br><br></strong><em>As this product varies by state, please review the product packaging when you receive your order for allergen information to determine whether this product is suitable for you before consuming, particularly if you suffer from a food allergy or intolerance.</em></div>",
            "ingredients": null,
            "nutritionalinformation": "{\"Name\":\"Nutritional Information\",\"Attributes\":[{\"Id\":908,\"Name\":\"Sugars Quantity Per 100g - SuffixUnits - NIP\",\"Value\":\"g\",\"Description\":\"Sugars Quantity Per 100g - SuffixUnits - NIP\",\"SortOrder\":646},{\"Id\":910,\"Name\":\"Sugars Quantity Per 100g - ValueWord - NIP\",\"Value\":\"2.1\",\"Description\":\"Sugars Quantity Per 100g - ValueWord - NIP\",\"SortOrder\":648}]}",
            "storageinstructions": "Keep Refrigerated",
            "usageinstructions": null,
            "brand": "woolworths",
            "manufacturer": null,
            "countryoforigin": null,
            "productheightmm": null,
            "productwidthmm": null,
            "productdepthmm": null,
            "wool_productpackaging": null,
            "recyclableinformation": null,
            "importantinformation": null,
            "allergencontains": null,
            "allergenmaybepresent": null,
            "allergystatement": "No Artificial Colours or Flavours",
            "lifestyleanddietarystatement": null,
            "lifestyleclaim": null,
            "wool_dietaryclaim": null,
            "boxedcontents": null,
            "suitablefor": null,
            "fragrance": null,
            "colour": null,
            "antioxidant": "False",
            "addedvitaminsandminerals": "False",
            "bpafree": "False",
            "sulfatefree": "False",
            "parabenfree": "False",
            "claims": null,
            "alcoholfree": null,
            "anti-dandruff": null,
            "dermatologicallyapproved": null,
            "dermatologistrecommended": null,
            "dermatologisttested": null,
            "fragrance-free": null,
            "haircolour": null,
            "hairtype": null,
            "hypo-allergenic": null,
            "non-comedogenic": null,
            "oilfree": null,
            "ophthalmologistapproved": null,
            "ophthalmologisttested": null,
            "paba-free": null,
            "skincondition": null,
            "skintype": null,
            "soap-free": null,
            "spf": null,
            "sweatresistant": null,
            "timer": null,
            "waterresistant": null,
            "phbalanced": null,
            "antiseptic": "False",
            "antibacterial": "False",
            "activeconstituents": null,
            "contains": null,
            "microwavesafe": "False",
            "productimagecount": "3",
            "friendlydisclaimer": null,
            "productimages": "793415.jpg,793415_1.jpg,793415_3.jpg",
            "healthstarrating": "0",
            "tgawarnings": null,
            "vendorarticleid": null,
            "vendorcostprice": null,
            "tgawarning": null
          },
          "DetailsImagePaths": [
            "https://cdn0.woolworths.media/content/wowproductimages/large/793415.jpg",
            "https://cdn0.woolworths.media/content/wowproductimages/large/793415_1.jpg",
            "https://cdn0.woolworths.media/content/wowproductimages/large/793415_3.jpg"
          ],
          "Variety": "salad",
          "Rating": {
            "ReviewCount": 0,
            "RatingCount": 0,
            "RatingSum": 0,
            "OneStarCount": 0,
            "TwoStarCount": 0,
            "ThreeStarCount": 0,
            "FourStarCount": 0,
            "FiveStarCount": 0,
            "Average": 0,
            "OneStarPercentage": 0,
            "TwoStarPercentage": 0,
            "ThreeStarPercentage": 0,
            "FourStarPercentage": 0,
            "FiveStarPercentage": 0
          },
          "HasProductSubs": false,
          "IsSponsoredAd": false,
          "AdID": null,
          "AdIndex": null,
          "ThirdPartyProductInfo": null,
          "MarketFeatures": null,
          "MarketSpecifications": null
        }
      ],
      "Name": "Woolworths Creamy Pasta Salad"
    },
    {
      "Products": [
        {
          "TileID": 0,
          "Stockcode": 807464,
          "Barcode": "9310036066309",
          "GtinFormat": 13,
          "CupPrice": 1.18,
          "InstoreCupPrice": 1.18,
          "CupMeasure": "100G",
          "CupString": "$1.18 / 100G",
          "InstoreCupString": "$1.18 / 100G",
          "HasCupPrice": true,
          "InstoreHasCupPrice": true,
          "Price": 2,
          "InstorePrice": 2,
          "Name": "Pauls Dolce Velvet Creme Milk Chocolate",
          "UrlFriendlyName": "pauls-dolce-velvet-creme-milk-chocolate",
          "Description": " Pauls Dolce Velvet Creme<br>Milk Chocolate 2 pack",
          "SmallImageFile": "https://cdn0.woolworths.media/content/wowproductimages/small/807464.jpg",
          "MediumImageFile": "https://cdn0.woolworths.media/content/wowproductimages/medium/807464.jpg",
          "LargeImageFile": "https://cdn0.woolworths.media/content/wowproductimages/large/807464.jpg",
          "IsNew": false,
          "IsOnSpecial": false,
          "InstoreIsOnSpecial": false,
          "IsEdrSpecial": false,
          "SavingsAmount": 0,
          "InstoreSavingsAmount": 0,
          "WasPrice": 2,
          "InstoreWasPrice": 2,
          "QuantityInTrolley": 0,
          "Unit": "Each",
          "MinimumQuantity": 1,
          "HasBeenBoughtBefore": false,
          "IsInTrolley": false,
          "Source": "Aisle.DairyEggsFridge",
          "SupplyLimit": 36,
          "IsRanged": false,
          "IsInStock": true,
          "PackageSize": "2 pack",
          "IsPmDelivery": true,
          "IsForCollection": true,
          "IsForDelivery": true,
          "IsForExpress": false,
          "ProductRestrictionMessage": null,
          "ProductWarningMessage": null,
          "CentreTag": {
            "TagContent": "<span style=\"COLOR: #e2001a\"> Was $3.00 20/11/2020</span>",
            "TagLink": null,
            "FallbackText": null,
            "TagType": "Html",
            "MultibuyData": null
          },
          "IsCentreTag": true,
          "ImageTag": {
            "TagContent": null,
            "TagLink": null,
            "FallbackText": "",
            "TagType": "None",
            "MultibuyData": null
          },
          "HeaderTag": {
            "BackgroundColor": "#fff",
            "BorderColor": "#c20016",
            "TextColor": "#c20016",
            "Content": "<span class=\"u-semibold\">Prices dropped</span>",
            "TagLink": null,
            "Promotion": "PriceDropped"
          },
          "HasHeaderTag": true,
          "UnitWeightInGrams": 206,
          "SupplyLimitMessage": "'Pauls Dolce Velvet Creme Milk Chocolate' has a supply limit of 36. The quantity in your cart has been reduced accordingly. To purchase a larger quantity, please contact us on 1800 000 610. Please note we do not supply trade orders.",
          "SmallFormatDescription": "Pauls Dolce Velvet Creme Milk Chocolate",
          "FullDescription": "Pauls Dolce Velvet Creme Milk Chocolate",
          "IsAvailable": true,
          "InstoreIsAvailable": true,
          "IsPurchasable": true,
          "InstoreIsPurchasable": true,
          "AgeRestricted": false,
          "DisplayQuantity": 1,
          "RichDescription": "Pauls Dolce Velvet Crème Milk Chocolate a rich, creamy dessert which contains no artificial colour, flavours or preservatives, made with real chocolate and gluten free. <br> <p>Â </p><br>Pauls Dolce Velvet Creme is a decadent creme dessert.<br><br><br><p>With a smooth, velvety texture and a rich taste, Velvet Creme delivers a truly indulgent experience.</p><br><br><br><p>Made with Australian milk and real chocolate, our desserts are the perfect sweet treat for any time of the day.</p> <br> Real Chocolate <br> Gluten Free",
          "IsDeliveryPass": false,
          "HideWasSavedPrice": false,
          "SapCategories": null,
          "Brand": "pauls",
          "IsRestrictedByDeliveryMethod": false,
          "FooterTag": {
            "TagContent": "<div class=\"productTag-pricedropped\" style=\"\r\nheight:46px;\r\nposition:absolute;\r\ntop:-4px;\r\nleft:0;\r\nwidth:100%;\r\nbackground:white;\r\noutline: 1px solid #c20016;\r\ntext-align:center;\">\r\n\r\n<img src=\"https://cdn0.woolworths.media/content/content/pricedropped-footer-transparent.png\" width=\"204px\" height=\"16px\" alt=\"Price Dropped\" style=\"display:inline-block;margin-top:15px;max-width: 100%;\">\r\n</div>",
            "TagLink": null,
            "FallbackText": null,
            "TagType": "Html",
            "MultibuyData": null
          },
          "IsFooterEnabled": true,
          "Diagnostics": "1729",
          "IsBundle": false,
          "IsInFamily": false,
          "ChildProducts": [],
          "UrlOverride": null,
          "AdditionalAttributes": {
            "sapdepartmentname": "FRESH CONVENIENCE",
            "sapdepartmentno": "10",
            "sapcategoryname": "DAIRY - SNACKS",
            "sapcategoryno": "89",
            "sapsubcategoryname": "DAIRY - SNACKS ADULT",
            "sapsubcategoryno": "779",
            "sapsegmentname": "MULTIPACKS",
            "sapsegmentno": "2",
            "specialsgroupid": null,
            "PiesProductDepartmentNodeId": "1_6E4F4E4",
            "PiesProductDepartmentsjson": "[{\"Id\":\"1_6E4F4E4\",\"Description\":\"Dairy, Eggs & Fridge\"}]",
            "piesdepartmentnamesjson": "[\"Dairy, Eggs & Fridge\"]",
            "piescategorynamesjson": "[\"Cream, Custard & Desserts\"]",
            "piessubcategorynamesjson": "[\"Desserts\"]",
            "servingsize-total-nip": null,
            "servingsperpack-total-nip": null,
            "microwaveable": "False",
            "ovencook": "False",
            "vegetarian": "False",
            "freezable": "False",
            "containsnuts": "False",
            "containsgluten": "False",
            "description": "Pauls Dolce Velvet Crème Milk Chocolate a rich, creamy dessert which contains no artificial colour, flavours or preservatives, made with real chocolate and gluten free. <br> <p>Â </p><br>Pauls Dolce Velvet Creme is a decadent creme dessert.<br><br><br><p>With a smooth, velvety texture and a rich taste, Velvet Creme delivers a truly indulgent experience.</p><br><br><br><p>Made with Australian milk and real chocolate, our desserts are the perfect sweet treat for any time of the day.</p> <br> Real Chocolate <br> Gluten Free",
            "ingredients": "Milk, Cream, Sugar, Milk Chocolate (7.5%) (Sugar, Milk Solids, Cocoa, Butter, Cocoa Mass, Soy Lecithin), Milk Solids, Cocoa, Gelatine, Thickeners (1442 (from Maize), 407), Emulsifier (472b), natural flavour.",
            "nutritionalinformation": "{\"Name\":\"Nutritional Information\",\"Attributes\":[{\"Id\":705,\"Name\":\"Carbohydrate Quantity Per 100g - Total - NIP\",\"Value\":\"20.0g\",\"Description\":\"Carbohydrate Quantity Per 100g - Total - NIP\",\"SortOrder\":83},{\"Id\":706,\"Name\":\"Carbohydrate Quantity Per Serve - Total - NIP\",\"Value\":\"17.0g\",\"Description\":\"Carbohydrate Quantity Per Serve - Total - NIP\",\"SortOrder\":87},{\"Id\":759,\"Name\":\"Energy kJ Quantity Per 100g - Total - NIP\",\"Value\":\"855kJ\",\"Description\":\"Energy kJ Quantity Per 100g - Total - NIP\",\"SortOrder\":239},{\"Id\":760,\"Name\":\"Energy kJ Quantity Per Serve - Total - NIP\",\"Value\":\"727kJ\",\"Description\":\"Energy kJ Quantity Per Serve - Total - NIP\",\"SortOrder\":243},{\"Id\":253,\"Name\":\"Fat Saturated Quantity Per 100g - Total - NIP\",\"Value\":\"7.5g\",\"Description\":\"Fat Saturated Quantity Per 100g - Total - NIP\",\"SortOrder\":251},{\"Id\":258,\"Name\":\"Fat Saturated Quantity Per Serve - Total - NIP\",\"Value\":\"6.4g\",\"Description\":\"Fat Saturated Quantity Per Serve - Total - NIP\",\"SortOrder\":255},{\"Id\":764,\"Name\":\"Fat Total Quantity Per 100g - Total - NIP\",\"Value\":\"11.6g\",\"Description\":\"Fat Total Quantity Per 100g - Total - NIP\",\"SortOrder\":263},{\"Id\":264,\"Name\":\"Fat Total Quantity Per Serve - Total - NIP\",\"Value\":\"9.9g\",\"Description\":\"Fat Total Quantity Per Serve - Total - NIP\",\"SortOrder\":267},{\"Id\":878,\"Name\":\"Protein Quantity Per 100g - Total - NIP\",\"Value\":\"4.7g\",\"Description\":\"Protein Quantity Per 100g - Total - NIP\",\"SortOrder\":587},{\"Id\":882,\"Name\":\"Protein Quantity Per Serve - Total - NIP\",\"Value\":\"4.0g\",\"Description\":\"Protein Quantity Per Serve - Total - NIP\",\"SortOrder\":591},{\"Id\":477,\"Name\":\"Serving Size - Total - NIP\",\"Value\":\"85g\",\"Description\":\"Serving Size - Total - NIP\",\"SortOrder\":607},{\"Id\":544,\"Name\":\"Servings Per Pack - Total - NIP\",\"Value\":\"2\",\"Description\":\"Servings Per Pack - Total - NIP\",\"SortOrder\":611},{\"Id\":491,\"Name\":\"Sodium Quantity Per 100g - Total - NIP\",\"Value\":\"43mg\",\"Description\":\"Sodium Quantity Per 100g - Total - NIP\",\"SortOrder\":623},{\"Id\":495,\"Name\":\"Sodium Quantity Per Serve - Total - NIP\",\"Value\":\"37mg\",\"Description\":\"Sodium Quantity Per Serve - Total - NIP\",\"SortOrder\":627},{\"Id\":907,\"Name\":\"Sugars Quantity Per 100g - Prefix - NIP\",\"Value\":\"\",\"Description\":\"Sugars Quantity Per 100g - Prefix - NIP\",\"SortOrder\":645},{\"Id\":908,\"Name\":\"Sugars Quantity Per 100g - SuffixUnits - NIP\",\"Value\":\"g\",\"Description\":\"Sugars Quantity Per 100g - SuffixUnits - NIP\",\"SortOrder\":646},{\"Id\":909,\"Name\":\"Sugars Quantity Per 100g - Total - NIP\",\"Value\":\"18.9g\",\"Description\":\"Sugars Quantity Per 100g - Total - NIP\",\"SortOrder\":647},{\"Id\":910,\"Name\":\"Sugars Quantity Per 100g - ValueWord - NIP\",\"Value\":\"18.9\",\"Description\":\"Sugars Quantity Per 100g - ValueWord - NIP\",\"SortOrder\":648},{\"Id\":504,\"Name\":\"Sugars Quantity Per Serve - Prefix - NIP\",\"Value\":\"\",\"Description\":\"Sugars Quantity Per Serve - Prefix - NIP\",\"SortOrder\":649},{\"Id\":911,\"Name\":\"Sugars Quantity Per Serve - SuffixUnits - NIP\",\"Value\":\"g\",\"Description\":\"Sugars Quantity Per Serve - SuffixUnits - NIP\",\"SortOrder\":650},{\"Id\":912,\"Name\":\"Sugars Quantity Per Serve - Total - NIP\",\"Value\":\"16.1g\",\"Description\":\"Sugars Quantity Per Serve - Total - NIP\",\"SortOrder\":651},{\"Id\":572,\"Name\":\"Sugars Quantity Per Serve - ValueWord - NIP\",\"Value\":\"16.1\",\"Description\":\"Sugars Quantity Per Serve - ValueWord - NIP\",\"SortOrder\":652}]}",
            "storageinstructions": "Keep refrigerated between 1°C and 5°C. Store in an upright position.",
            "usageinstructions": null,
            "brand": "pauls",
            "manufacturer": null,
            "countryoforigin": null,
            "productheightmm": null,
            "productwidthmm": null,
            "productdepthmm": null,
            "wool_productpackaging": null,
            "recyclableinformation": null,
            "importantinformation": null,
            "allergencontains": "Cream, Milk, Soy",
            "allergenmaybepresent": null,
            "allergystatement": "No Artificial Colours or Flavours",
            "lifestyleanddietarystatement": "Source of Calcium",
            "lifestyleclaim": null,
            "wool_dietaryclaim": null,
            "boxedcontents": null,
            "suitablefor": null,
            "fragrance": null,
            "colour": null,
            "antioxidant": "False",
            "addedvitaminsandminerals": "False",
            "bpafree": "False",
            "sulfatefree": "False",
            "parabenfree": "False",
            "claims": null,
            "alcoholfree": null,
            "anti-dandruff": null,
            "dermatologicallyapproved": null,
            "dermatologistrecommended": null,
            "dermatologisttested": null,
            "fragrance-free": null,
            "haircolour": null,
            "hairtype": null,
            "hypo-allergenic": null,
            "non-comedogenic": null,
            "oilfree": null,
            "ophthalmologistapproved": null,
            "ophthalmologisttested": null,
            "paba-free": null,
            "skincondition": null,
            "skintype": null,
            "soap-free": null,
            "spf": null,
            "sweatresistant": null,
            "timer": null,
            "waterresistant": null,
            "phbalanced": null,
            "antiseptic": "False",
            "antibacterial": "False",
            "activeconstituents": null,
            "contains": null,
            "microwavesafe": "False",
            "productimagecount": "5",
            "friendlydisclaimer": null,
            "productimages": "807464.jpg,807464_1.jpg,807464_2.jpg,807464_5.jpg,807464_6.jpg",
            "healthstarrating": "0",
            "tgawarnings": null,
            "vendorarticleid": null,
            "vendorcostprice": null,
            "tgawarning": null
          },
          "DetailsImagePaths": [
            "https://cdn0.woolworths.media/content/wowproductimages/large/807464.jpg",
            "https://cdn0.woolworths.media/content/wowproductimages/large/807464_1.jpg",
            "https://cdn0.woolworths.media/content/wowproductimages/large/807464_2.jpg",
            "https://cdn0.woolworths.media/content/wowproductimages/large/807464_5.jpg",
            "https://cdn0.woolworths.media/content/wowproductimages/large/807464_6.jpg"
          ],
          "Variety": "milk chocolate",
          "Rating": {
            "ReviewCount": 0,
            "RatingCount": 0,
            "RatingSum": 0,
            "OneStarCount": 0,
            "TwoStarCount": 0,
            "ThreeStarCount": 0,
            "FourStarCount": 0,
            "FiveStarCount": 0,
            "Average": 0,
            "OneStarPercentage": 0,
            "TwoStarPercentage": 0,
            "ThreeStarPercentage": 0,
            "FourStarPercentage": 0,
            "FiveStarPercentage": 0
          },
          "HasProductSubs": false,
          "IsSponsoredAd": false,
          "AdID": null,
          "AdIndex": null,
          "ThirdPartyProductInfo": null,
          "MarketFeatures": null,
          "MarketSpecifications": null
        }
      ],
      "Name": "Pauls Dolce Velvet Creme Milk Chocolate"
    },
    {
      "Products": [
        {
          "TileID": 0,
          "Stockcode": 820977,
          "Barcode": "9339687080441",
          "GtinFormat": 13,
          "CupPrice": 0.67,
          "InstoreCupPrice": 0.67,
          "CupMeasure": "100G",
          "CupString": "$0.67 / 100G",
          "InstoreCupString": "$0.67 / 100G",
          "HasCupPrice": true,
          "InstoreHasCupPrice": true,
          "Price": 2,
          "InstorePrice": 2,
          "Name": "Woolworths Vanilla Custard Powder",
          "UrlFriendlyName": "woolworths-vanilla-custard-powder",
          "Description": " Woolworths Vanilla Custard<br>Powder  300g",
          "SmallImageFile": "https://cdn0.woolworths.media/content/wowproductimages/small/820977.jpg",
          "MediumImageFile": "https://cdn0.woolworths.media/content/wowproductimages/medium/820977.jpg",
          "LargeImageFile": "https://cdn0.woolworths.media/content/wowproductimages/large/820977.jpg",
          "IsNew": false,
          "IsOnSpecial": false,
          "InstoreIsOnSpecial": false,
          "IsEdrSpecial": false,
          "SavingsAmount": 0,
          "InstoreSavingsAmount": 0,
          "WasPrice": 2,
          "InstoreWasPrice": 2,
          "QuantityInTrolley": 0,
          "Unit": "Each",
          "MinimumQuantity": 1,
          "HasBeenBoughtBefore": false,
          "IsInTrolley": false,
          "Source": "Aisle.DairyEggsFridge",
          "SupplyLimit": 36,
          "IsRanged": false,
          "IsInStock": true,
          "PackageSize": "300g",
          "IsPmDelivery": false,
          "IsForCollection": true,
          "IsForDelivery": true,
          "IsForExpress": false,
          "ProductRestrictionMessage": null,
          "ProductWarningMessage": null,
          "CentreTag": {
            "TagContent": null,
            "TagLink": null,
            "FallbackText": null,
            "TagType": "None",
            "MultibuyData": null
          },
          "IsCentreTag": false,
          "ImageTag": {
            "TagContent": null,
            "TagLink": null,
            "FallbackText": "",
            "TagType": "None",
            "MultibuyData": null
          },
          "HeaderTag": null,
          "HasHeaderTag": false,
          "UnitWeightInGrams": 304,
          "SupplyLimitMessage": "'Woolworths Vanilla Custard Powder' has a supply limit of 36. The quantity in your cart has been reduced accordingly. To purchase a larger quantity, please contact us on 1800 000 610. Please note we do not supply trade orders.",
          "SmallFormatDescription": "Woolworths Vanilla Custard Powder ",
          "FullDescription": "Woolworths Vanilla Custard Powder ",
          "IsAvailable": true,
          "InstoreIsAvailable": true,
          "IsPurchasable": true,
          "InstoreIsPurchasable": true,
          "AgeRestricted": false,
          "DisplayQuantity": 1,
          "RichDescription": null,
          "IsDeliveryPass": false,
          "HideWasSavedPrice": false,
          "SapCategories": null,
          "Brand": "Woolworths",
          "IsRestrictedByDeliveryMethod": false,
          "FooterTag": {
            "TagContent": null,
            "TagLink": null,
            "FallbackText": null,
            "TagType": "None",
            "MultibuyData": null
          },
          "IsFooterEnabled": false,
          "Diagnostics": "1730",
          "IsBundle": false,
          "IsInFamily": false,
          "ChildProducts": [],
          "UrlOverride": null,
          "AdditionalAttributes": {
            "sapdepartmentname": "GROCERIES",
            "sapdepartmentno": "5",
            "sapcategoryname": "CANNED FRUIT / DESSERTS",
            "sapcategoryno": "82",
            "sapsubcategoryname": "JELLY & PUDDINGS",
            "sapsubcategoryno": "29",
            "sapsegmentname": "CUSTARD",
            "sapsegmentno": "3",
            "specialsgroupid": null,
            "PiesProductDepartmentNodeId": "1_6E4F4E4",
            "PiesProductDepartmentsjson": "[{\"Id\":\"1_6E4F4E4\",\"Description\":\"Dairy, Eggs & Fridge\"}]",
            "piesdepartmentnamesjson": "[\"Dairy, Eggs & Fridge\"]",
            "piescategorynamesjson": "[\"Cream, Custard & Desserts\"]",
            "piessubcategorynamesjson": "[\"Custard\"]",
            "servingsize-total-nip": null,
            "servingsperpack-total-nip": null,
            "microwaveable": "False",
            "ovencook": "False",
            "vegetarian": "False",
            "freezable": "False",
            "containsnuts": "False",
            "containsgluten": "False",
            "description": null,
            "ingredients": "Maize Starch, Natural Vanilla Flavour, Salt, Natural Colour (Annatto)",
            "nutritionalinformation": "{\"Name\":\"Nutritional Information\",\"Attributes\":[{\"Id\":705,\"Name\":\"Carbohydrate Quantity Per 100g - Total - NIP\",\"Value\":\"Approx. 83.7g\",\"Description\":\"Carbohydrate Quantity Per 100g - Total - NIP\",\"SortOrder\":83},{\"Id\":706,\"Name\":\"Carbohydrate Quantity Per Serve - Total - NIP\",\"Value\":\"Approx. 10.5g\",\"Description\":\"Carbohydrate Quantity Per Serve - Total - NIP\",\"SortOrder\":87},{\"Id\":759,\"Name\":\"Energy kJ Quantity Per 100g - Total - NIP\",\"Value\":\"Approx. 1440kJ\",\"Description\":\"Energy kJ Quantity Per 100g - Total - NIP\",\"SortOrder\":239},{\"Id\":760,\"Name\":\"Energy kJ Quantity Per Serve - Total - NIP\",\"Value\":\"Approx. 180kJ\",\"Description\":\"Energy kJ Quantity Per Serve - Total - NIP\",\"SortOrder\":243},{\"Id\":253,\"Name\":\"Fat Saturated Quantity Per 100g - Total - NIP\",\"Value\":\"<1g\",\"Description\":\"Fat Saturated Quantity Per 100g - Total - NIP\",\"SortOrder\":251},{\"Id\":258,\"Name\":\"Fat Saturated Quantity Per Serve - Total - NIP\",\"Value\":\"<1g\",\"Description\":\"Fat Saturated Quantity Per Serve - Total - NIP\",\"SortOrder\":255},{\"Id\":764,\"Name\":\"Fat Total Quantity Per 100g - Total - NIP\",\"Value\":\"<1g\",\"Description\":\"Fat Total Quantity Per 100g - Total - NIP\",\"SortOrder\":263},{\"Id\":264,\"Name\":\"Fat Total Quantity Per Serve - Total - NIP\",\"Value\":\"<1g\",\"Description\":\"Fat Total Quantity Per Serve - Total - NIP\",\"SortOrder\":267},{\"Id\":878,\"Name\":\"Protein Quantity Per 100g - Total - NIP\",\"Value\":\"<1g\",\"Description\":\"Protein Quantity Per 100g - Total - NIP\",\"SortOrder\":587},{\"Id\":882,\"Name\":\"Protein Quantity Per Serve - Total - NIP\",\"Value\":\"<1g\",\"Description\":\"Protein Quantity Per Serve - Total - NIP\",\"SortOrder\":591},{\"Id\":477,\"Name\":\"Serving Size - Total - NIP\",\"Value\":\"12.5g\",\"Description\":\"Serving Size - Total - NIP\",\"SortOrder\":607},{\"Id\":544,\"Name\":\"Servings Per Pack - Total - NIP\",\"Value\":\"24\",\"Description\":\"Servings Per Pack - Total - NIP\",\"SortOrder\":611},{\"Id\":491,\"Name\":\"Sodium Quantity Per 100g - Total - NIP\",\"Value\":\"Approx. 167mg\",\"Description\":\"Sodium Quantity Per 100g - Total - NIP\",\"SortOrder\":623},{\"Id\":495,\"Name\":\"Sodium Quantity Per Serve - Total - NIP\",\"Value\":\"Approx. 21mg\",\"Description\":\"Sodium Quantity Per Serve - Total - NIP\",\"SortOrder\":627},{\"Id\":907,\"Name\":\"Sugars Quantity Per 100g - Prefix - NIP\",\"Value\":\"<\",\"Description\":\"Sugars Quantity Per 100g - Prefix - NIP\",\"SortOrder\":645},{\"Id\":908,\"Name\":\"Sugars Quantity Per 100g - SuffixUnits - NIP\",\"Value\":\"g\",\"Description\":\"Sugars Quantity Per 100g - SuffixUnits - NIP\",\"SortOrder\":646},{\"Id\":909,\"Name\":\"Sugars Quantity Per 100g - Total - NIP\",\"Value\":\"<1g\",\"Description\":\"Sugars Quantity Per 100g - Total - NIP\",\"SortOrder\":647},{\"Id\":910,\"Name\":\"Sugars Quantity Per 100g - ValueWord - NIP\",\"Value\":\"1\",\"Description\":\"Sugars Quantity Per 100g - ValueWord - NIP\",\"SortOrder\":648},{\"Id\":504,\"Name\":\"Sugars Quantity Per Serve - Prefix - NIP\",\"Value\":\"<\",\"Description\":\"Sugars Quantity Per Serve - Prefix - NIP\",\"SortOrder\":649},{\"Id\":911,\"Name\":\"Sugars Quantity Per Serve - SuffixUnits - NIP\",\"Value\":\"g\",\"Description\":\"Sugars Quantity Per Serve - SuffixUnits - NIP\",\"SortOrder\":650},{\"Id\":912,\"Name\":\"Sugars Quantity Per Serve - Total - NIP\",\"Value\":\"<1g\",\"Description\":\"Sugars Quantity Per Serve - Total - NIP\",\"SortOrder\":651},{\"Id\":572,\"Name\":\"Sugars Quantity Per Serve - ValueWord - NIP\",\"Value\":\"1\",\"Description\":\"Sugars Quantity Per Serve - ValueWord - NIP\",\"SortOrder\":652}]}",
            "storageinstructions": null,
            "usageinstructions": null,
            "brand": "woolworths",
            "manufacturer": null,
            "countryoforigin": null,
            "productheightmm": null,
            "productwidthmm": null,
            "productdepthmm": null,
            "wool_productpackaging": null,
            "recyclableinformation": null,
            "importantinformation": null,
            "allergencontains": null,
            "allergenmaybepresent": null,
            "allergystatement": "No Artificial Preservatives",
            "lifestyleanddietarystatement": "Vegan",
            "lifestyleclaim": "Free From Gluten",
            "wool_dietaryclaim": "Free from artificial preservatives. Free from gluten. Free from artificial flavour. Free from artificial colour",
            "boxedcontents": null,
            "suitablefor": null,
            "fragrance": null,
            "colour": null,
            "antioxidant": "False",
            "addedvitaminsandminerals": "False",
            "bpafree": "False",
            "sulfatefree": "False",
            "parabenfree": "False",
            "claims": null,
            "alcoholfree": null,
            "anti-dandruff": null,
            "dermatologicallyapproved": null,
            "dermatologistrecommended": null,
            "dermatologisttested": null,
            "fragrance-free": null,
            "haircolour": null,
            "hairtype": null,
            "hypo-allergenic": null,
            "non-comedogenic": null,
            "oilfree": null,
            "ophthalmologistapproved": null,
            "ophthalmologisttested": null,
            "paba-free": null,
            "skincondition": null,
            "skintype": null,
            "soap-free": null,
            "spf": null,
            "sweatresistant": null,
            "timer": null,
            "waterresistant": null,
            "phbalanced": null,
            "antiseptic": "False",
            "antibacterial": "False",
            "activeconstituents": null,
            "contains": null,
            "microwavesafe": "False",
            "productimagecount": "1",
            "friendlydisclaimer": null,
            "productimages": "820977.jpg",
            "healthstarrating": "3",
            "tgawarnings": null,
            "vendorarticleid": null,
            "vendorcostprice": null,
            "tgawarning": null,
            "PiesProductB2bDepartmentNodeId": "14_BADBC9B",
            "PiesProductB2bDepartmentsjson": "[{\"Id\":\"14_BADBC9B\",\"Description\":\"Fridge\"}]",
            "piesb2bdepartmentnamesjson": "[\"Fridge\"]",
            "piesb2bcategorynamesjson": "[\"Cream & Desserts\"]",
            "piesb2bsubcategorynamesjson": "[\"Custard & Other Desserts\"]"
          },
          "DetailsImagePaths": [
            "https://cdn0.woolworths.media/content/wowproductimages/large/820977.jpg"
          ],
          "Variety": "",
          "Rating": null,
          "HasProductSubs": false,
          "IsSponsoredAd": false,
          "AdID": null,
          "AdIndex": null,
          "ThirdPartyProductInfo": null,
          "MarketFeatures": null,
          "MarketSpecifications": null
        }
      ],
      "Name": "Woolworths Vanilla Custard Powder"
    },
    {
      "Products": [
        {
          "TileID": 0,
          "Stockcode": 827628,
          "Barcode": "9300633619169",
          "GtinFormat": 13,
          "CupPrice": 16.67,
          "InstoreCupPrice": 16.67,
          "CupMeasure": "1KG",
          "CupString": "$16.67 / 1KG",
          "InstoreCupString": "$16.67 / 1KG",
          "HasCupPrice": true,
          "InstoreHasCupPrice": true,
          "Price": 2,
          "InstorePrice": 2,
          "Name": "Woolworths Leafy Mix",
          "UrlFriendlyName": "woolworths-leafy-mix",
          "Description": " Woolworths Leafy Mix  120G",
          "SmallImageFile": "https://cdn0.woolworths.media/content/wowproductimages/small/827628.jpg",
          "MediumImageFile": "https://cdn0.woolworths.media/content/wowproductimages/medium/827628.jpg",
          "LargeImageFile": "https://cdn0.woolworths.media/content/wowproductimages/large/827628.jpg",
          "IsNew": false,
          "IsOnSpecial": false,
          "InstoreIsOnSpecial": false,
          "IsEdrSpecial": false,
          "SavingsAmount": 0,
          "InstoreSavingsAmount": 0,
          "WasPrice": 2,
          "InstoreWasPrice": 2,
          "QuantityInTrolley": 0,
          "Unit": "Each",
          "MinimumQuantity": 1,
          "HasBeenBoughtBefore": false,
          "IsInTrolley": false,
          "Source": "Aisle.DairyEggsFridge",
          "SupplyLimit": 36,
          "IsRanged": false,
          "IsInStock": true,
          "PackageSize": "120G",
          "IsPmDelivery": true,
          "IsForCollection": true,
          "IsForDelivery": true,
          "IsForExpress": false,
          "ProductRestrictionMessage": null,
          "ProductWarningMessage": null,
          "CentreTag": {
            "TagContent": null,
            "TagLink": null,
            "FallbackText": null,
            "TagType": "None",
            "MultibuyData": null
          },
          "IsCentreTag": false,
          "ImageTag": {
            "TagContent": "/content/promotiontags/australian-grown-roundel-200x200.png",
            "TagLink": null,
            "FallbackText": "Australian Grown",
            "TagType": "None",
            "MultibuyData": null
          },
          "HeaderTag": null,
          "HasHeaderTag": false,
          "UnitWeightInGrams": 125,
          "SupplyLimitMessage": "'Woolworths Leafy Mix' has a supply limit of 36. The quantity in your cart has been reduced accordingly. To purchase a larger quantity, please contact us on 1800 000 610. Please note we do not supply trade orders.",
          "SmallFormatDescription": "Woolworths Leafy Mix ",
          "FullDescription": "Woolworths Leafy Mix ",
          "IsAvailable": true,
          "InstoreIsAvailable": true,
          "IsPurchasable": true,
          "InstoreIsPurchasable": true,
          "AgeRestricted": false,
          "DisplayQuantity": 1,
          "RichDescription": "Diets high in fruits & vegetables help keep your heart healthy.<br><br>Veg a day: 1 cup = 1 serve of vegetable.<br><br>Great in a Salad",
          "IsDeliveryPass": false,
          "HideWasSavedPrice": false,
          "SapCategories": null,
          "Brand": "Woolworths",
          "IsRestrictedByDeliveryMethod": false,
          "FooterTag": {
            "TagContent": null,
            "TagLink": null,
            "FallbackText": null,
            "TagType": "None",
            "MultibuyData": null
          },
          "IsFooterEnabled": true,
          "Diagnostics": "1731",
          "IsBundle": false,
          "IsInFamily": false,
          "ChildProducts": [],
          "UrlOverride": null,
          "AdditionalAttributes": {
            "sapdepartmentname": "FRUIT AND VEG",
            "sapdepartmentno": "30",
            "sapcategoryname": "VEG / FRESHCUTS / HARD PRODUCE",
            "sapcategoryno": "63",
            "sapsubcategoryname": "SALAD",
            "sapsubcategoryno": "558",
            "sapsegmentname": "SALAD LEAF BAGS",
            "sapsegmentno": "2",
            "specialsgroupid": null,
            "PiesProductDepartmentNodeId": "1_6E4F4E4",
            "PiesProductDepartmentsjson": "[{\"Id\":\"1_6E4F4E4\",\"Description\":\"Dairy, Eggs & Fridge\"},{\"Id\":\"1-E5BEE36E\",\"Description\":\"Fruit & Veg\"}]",
            "piesdepartmentnamesjson": "[\"Dairy, Eggs & Fridge\",\"Fruit & Veg\"]",
            "piescategorynamesjson": "[\"Salad\",\"Ready to Eat Meals\",\"Lunch Box\"]",
            "piessubcategorynamesjson": "[\"Packaged Salads & Sides\",\"Salad & Veg\",\"Salad Bags\"]",
            "servingsize-total-nip": null,
            "servingsperpack-total-nip": null,
            "microwaveable": "False",
            "ovencook": "False",
            "vegetarian": "False",
            "freezable": "False",
            "containsnuts": "False",
            "containsgluten": "False",
            "description": "Diets high in fruits & vegetables help keep your heart healthy.<br><br>Veg a day: 1 cup = 1 serve of vegetable.<br><br>Great in a Salad",
            "ingredients": "A mixture of red and green leaves. Ingredients and percentages may vary due to seasonal and processing variability.",
            "nutritionalinformation": "{\"Name\":\"Nutritional Information\",\"Attributes\":[{\"Id\":705,\"Name\":\"Carbohydrate Quantity Per 100g - Total - NIP\",\"Value\":\"1.0g\",\"Description\":\"Carbohydrate Quantity Per 100g - Total - NIP\",\"SortOrder\":83},{\"Id\":706,\"Name\":\"Carbohydrate Quantity Per Serve - Total - NIP\",\"Value\":\"0.6g\",\"Description\":\"Carbohydrate Quantity Per Serve - Total - NIP\",\"SortOrder\":87},{\"Id\":759,\"Name\":\"Energy kJ Quantity Per 100g - Total - NIP\",\"Value\":\"75kJ\",\"Description\":\"Energy kJ Quantity Per 100g - Total - NIP\",\"SortOrder\":239},{\"Id\":760,\"Name\":\"Energy kJ Quantity Per Serve - Total - NIP\",\"Value\":\"45kJ\",\"Description\":\"Energy kJ Quantity Per Serve - Total - NIP\",\"SortOrder\":243},{\"Id\":253,\"Name\":\"Fat Saturated Quantity Per 100g - Total - NIP\",\"Value\":\"<1.0g\",\"Description\":\"Fat Saturated Quantity Per 100g - Total - NIP\",\"SortOrder\":251},{\"Id\":258,\"Name\":\"Fat Saturated Quantity Per Serve - Total - NIP\",\"Value\":\"<1.0g\",\"Description\":\"Fat Saturated Quantity Per Serve - Total - NIP\",\"SortOrder\":255},{\"Id\":764,\"Name\":\"Fat Total Quantity Per 100g - Total - NIP\",\"Value\":\"<1.0g\",\"Description\":\"Fat Total Quantity Per 100g - Total - NIP\",\"SortOrder\":263},{\"Id\":264,\"Name\":\"Fat Total Quantity Per Serve - Total - NIP\",\"Value\":\"<1.0g\",\"Description\":\"Fat Total Quantity Per Serve - Total - NIP\",\"SortOrder\":267},{\"Id\":878,\"Name\":\"Protein Quantity Per 100g - Total - NIP\",\"Value\":\"1.9g\",\"Description\":\"Protein Quantity Per 100g - Total - NIP\",\"SortOrder\":587},{\"Id\":882,\"Name\":\"Protein Quantity Per Serve - Total - NIP\",\"Value\":\"1.2g\",\"Description\":\"Protein Quantity Per Serve - Total - NIP\",\"SortOrder\":591},{\"Id\":477,\"Name\":\"Serving Size - Total - NIP\",\"Value\":\"60g\",\"Description\":\"Serving Size - Total - NIP\",\"SortOrder\":607},{\"Id\":544,\"Name\":\"Servings Per Pack - Total - NIP\",\"Value\":\"2\",\"Description\":\"Servings Per Pack - Total - NIP\",\"SortOrder\":611},{\"Id\":491,\"Name\":\"Sodium Quantity Per 100g - Total - NIP\",\"Value\":\"20mg\",\"Description\":\"Sodium Quantity Per 100g - Total - NIP\",\"SortOrder\":623},{\"Id\":495,\"Name\":\"Sodium Quantity Per Serve - Total - NIP\",\"Value\":\"12mg\",\"Description\":\"Sodium Quantity Per Serve - Total - NIP\",\"SortOrder\":627},{\"Id\":907,\"Name\":\"Sugars Quantity Per 100g - Prefix - NIP\",\"Value\":\"\",\"Description\":\"Sugars Quantity Per 100g - Prefix - NIP\",\"SortOrder\":645},{\"Id\":908,\"Name\":\"Sugars Quantity Per 100g - SuffixUnits - NIP\",\"Value\":\"g\",\"Description\":\"Sugars Quantity Per 100g - SuffixUnits - NIP\",\"SortOrder\":646},{\"Id\":909,\"Name\":\"Sugars Quantity Per 100g - Total - NIP\",\"Value\":\"1.0g\",\"Description\":\"Sugars Quantity Per 100g - Total - NIP\",\"SortOrder\":647},{\"Id\":910,\"Name\":\"Sugars Quantity Per 100g - ValueWord - NIP\",\"Value\":\"1.0\",\"Description\":\"Sugars Quantity Per 100g - ValueWord - NIP\",\"SortOrder\":648},{\"Id\":504,\"Name\":\"Sugars Quantity Per Serve - Prefix - NIP\",\"Value\":\"\",\"Description\":\"Sugars Quantity Per Serve - Prefix - NIP\",\"SortOrder\":649},{\"Id\":911,\"Name\":\"Sugars Quantity Per Serve - SuffixUnits - NIP\",\"Value\":\"g\",\"Description\":\"Sugars Quantity Per Serve - SuffixUnits - NIP\",\"SortOrder\":650},{\"Id\":912,\"Name\":\"Sugars Quantity Per Serve - Total - NIP\",\"Value\":\"0.6g\",\"Description\":\"Sugars Quantity Per Serve - Total - NIP\",\"SortOrder\":651},{\"Id\":572,\"Name\":\"Sugars Quantity Per Serve - ValueWord - NIP\",\"Value\":\"0.6\",\"Description\":\"Sugars Quantity Per Serve - ValueWord - NIP\",\"SortOrder\":652}]}",
            "storageinstructions": "Keep refrigerated at 1-4°C.",
            "usageinstructions": null,
            "brand": "woolworths",
            "manufacturer": null,
            "countryoforigin": null,
            "productheightmm": null,
            "productwidthmm": null,
            "productdepthmm": null,
            "wool_productpackaging": null,
            "recyclableinformation": null,
            "importantinformation": null,
            "allergencontains": null,
            "allergenmaybepresent": null,
            "allergystatement": "Lactose Free",
            "lifestyleanddietarystatement": "Low Sugar",
            "lifestyleclaim": null,
            "wool_dietaryclaim": null,
            "boxedcontents": null,
            "suitablefor": null,
            "fragrance": null,
            "colour": null,
            "antioxidant": "False",
            "addedvitaminsandminerals": "False",
            "bpafree": "False",
            "sulfatefree": "False",
            "parabenfree": "False",
            "claims": null,
            "alcoholfree": null,
            "anti-dandruff": null,
            "dermatologicallyapproved": null,
            "dermatologistrecommended": null,
            "dermatologisttested": null,
            "fragrance-free": null,
            "haircolour": null,
            "hairtype": null,
            "hypo-allergenic": null,
            "non-comedogenic": null,
            "oilfree": null,
            "ophthalmologistapproved": null,
            "ophthalmologisttested": null,
            "paba-free": null,
            "skincondition": null,
            "skintype": null,
            "soap-free": null,
            "spf": null,
            "sweatresistant": null,
            "timer": null,
            "waterresistant": null,
            "phbalanced": null,
            "antiseptic": "False",
            "antibacterial": "False",
            "activeconstituents": null,
            "contains": null,
            "microwavesafe": "False",
            "productimagecount": "2",
            "friendlydisclaimer": null,
            "productimages": "827628_2.jpg,827628.jpg",
            "healthstarrating": "0",
            "tgawarnings": null,
            "vendorarticleid": null,
            "vendorcostprice": null,
            "tgawarning": null,
            "PiesProductB2bDepartmentNodeId": "14_526BCF5",
            "PiesProductB2bDepartmentsjson": "[{\"Id\":\"14_526BCF5\",\"Description\":\"Fresh\"},{\"Id\":\"14_BADBC9B\",\"Description\":\"Fridge\"}]",
            "piesb2bdepartmentnamesjson": "[\"Fresh\",\"Fridge\"]",
            "piesb2bcategorynamesjson": "[\"Salad\",\"Ready to Eat\"]",
            "piesb2bsubcategorynamesjson": "[\"Salad Bags\",\"Salads & Sides\"]"
          },
          "DetailsImagePaths": [
            "https://cdn0.woolworths.media/content/wowproductimages/large/827628.jpg",
            "https://cdn0.woolworths.media/content/wowproductimages/large/827628_2.jpg"
          ],
          "Variety": "",
          "Rating": null,
          "HasProductSubs": false,
          "IsSponsoredAd": false,
          "AdID": null,
          "AdIndex": null,
          "ThirdPartyProductInfo": null,
          "MarketFeatures": null,
          "MarketSpecifications": null
        }
      ],
      "Name": "Woolworths Leafy Mix"
    },
    {
      "Products": [
        {
          "TileID": 0,
          "Stockcode": 865319,
          "Barcode": "9310036045595",
          "GtinFormat": 13,
          "CupPrice": 8,
          "InstoreCupPrice": 8,
          "CupMeasure": "1L",
          "CupString": "$8.00 / 1L",
          "InstoreCupString": "$8.00 / 1L",
          "HasCupPrice": true,
          "InstoreHasCupPrice": true,
          "Price": 2,
          "InstorePrice": 2,
          "Name": "Pauls Milky Max Chocolate Flavoured Milk",
          "UrlFriendlyName": "pauls-milky-max-chocolate-flavoured-milk",
          "Description": " Pauls Milky Max Chocolate<br>Flavoured Milk 250ml",
          "SmallImageFile": "https://cdn0.woolworths.media/content/wowproductimages/small/865319.jpg",
          "MediumImageFile": "https://cdn0.woolworths.media/content/wowproductimages/medium/865319.jpg",
          "LargeImageFile": "https://cdn0.woolworths.media/content/wowproductimages/large/865319.jpg",
          "IsNew": false,
          "IsOnSpecial": false,
          "InstoreIsOnSpecial": false,
          "IsEdrSpecial": false,
          "SavingsAmount": 0,
          "InstoreSavingsAmount": 0,
          "WasPrice": 2,
          "InstoreWasPrice": 2,
          "QuantityInTrolley": 0,
          "Unit": "Each",
          "MinimumQuantity": 1,
          "HasBeenBoughtBefore": false,
          "IsInTrolley": false,
          "Source": "Aisle.DairyEggsFridge",
          "SupplyLimit": 36,
          "IsRanged": false,
          "IsInStock": true,
          "PackageSize": "250ml",
          "IsPmDelivery": true,
          "IsForCollection": true,
          "IsForDelivery": true,
          "IsForExpress": false,
          "ProductRestrictionMessage": null,
          "ProductWarningMessage": null,
          "CentreTag": {
            "TagContent": null,
            "TagLink": null,
            "FallbackText": null,
            "TagType": "None",
            "MultibuyData": null
          },
          "IsCentreTag": false,
          "ImageTag": {
            "TagContent": null,
            "TagLink": null,
            "FallbackText": "",
            "TagType": "None",
            "MultibuyData": null
          },
          "HeaderTag": null,
          "HasHeaderTag": false,
          "UnitWeightInGrams": 289,
          "SupplyLimitMessage": "'Pauls Milky Max Chocolate Flavoured Milk' has a supply limit of 36. The quantity in your cart has been reduced accordingly. To purchase a larger quantity, please contact us on 1800 000 610. Please note we do not supply trade orders.",
          "SmallFormatDescription": "Pauls Milky Max Chocolate Flavoured Milk",
          "FullDescription": "Pauls Milky Max Chocolate Flavoured Milk",
          "IsAvailable": true,
          "InstoreIsAvailable": true,
          "IsPurchasable": true,
          "InstoreIsPurchasable": true,
          "AgeRestricted": false,
          "DisplayQuantity": 1,
          "RichDescription": "<p>Ultrapasteurised chocolate flavoured milk with added vitamin A & D.</p><p>Made from the goodness of Pauls Milk.</p><p>Meet Milky Max at www.milkymax.com.au</p>",
          "IsDeliveryPass": false,
          "HideWasSavedPrice": false,
          "SapCategories": null,
          "Brand": "pauls",
          "IsRestrictedByDeliveryMethod": false,
          "FooterTag": {
            "TagContent": null,
            "TagLink": null,
            "FallbackText": null,
            "TagType": "None",
            "MultibuyData": null
          },
          "IsFooterEnabled": true,
          "Diagnostics": "1732",
          "IsBundle": false,
          "IsInFamily": false,
          "ChildProducts": [],
          "UrlOverride": null,
          "AdditionalAttributes": {
            "sapdepartmentname": "FRESH CONVENIENCE",
            "sapdepartmentno": "10",
            "sapcategoryname": "DAIRY - MILK",
            "sapcategoryno": "93",
            "sapsubcategoryname": "MILK - FLAVOURED",
            "sapsubcategoryno": "896",
            "sapsegmentname": "MILK FLAVOURED 999ML & UNDER",
            "sapsegmentno": "1",
            "specialsgroupid": null,
            "PiesProductDepartmentNodeId": "1_6E4F4E4",
            "PiesProductDepartmentsjson": "[{\"Id\":\"1_6E4F4E4\",\"Description\":\"Dairy, Eggs & Fridge\"}]",
            "piesdepartmentnamesjson": "[\"Dairy, Eggs & Fridge\"]",
            "piescategorynamesjson": "[\"Milk\"]",
            "piessubcategorynamesjson": "[\"Flavoured Milk\"]",
            "servingsize-total-nip": null,
            "servingsperpack-total-nip": null,
            "microwaveable": "False",
            "ovencook": "False",
            "vegetarian": "False",
            "freezable": "False",
            "containsnuts": "False",
            "containsgluten": "False",
            "description": "<p>Ultrapasteurised chocolate flavoured milk with added vitamin A & D.</p><p>Made from the goodness of Pauls Milk.</p><p>Meet Milky Max at www.milkymax.com.au</p>",
            "ingredients": "Reduced fat milk, water, milk solids, sugar, cocoa (1%), natural flavours, mineral salt (452), stabiliser (407), Vitamin A, Vitamin D.",
            "nutritionalinformation": "{\"Name\":\"Nutritional Information\",\"Attributes\":[{\"Id\":705,\"Name\":\"Carbohydrate Quantity Per 100g - Total - NIP\",\"Value\":\"10.3g\",\"Description\":\"Carbohydrate Quantity Per 100g - Total - NIP\",\"SortOrder\":83},{\"Id\":706,\"Name\":\"Carbohydrate Quantity Per Serve - Total - NIP\",\"Value\":\"25.8g\",\"Description\":\"Carbohydrate Quantity Per Serve - Total - NIP\",\"SortOrder\":87},{\"Id\":759,\"Name\":\"Energy kJ Quantity Per 100g - Total - NIP\",\"Value\":\"298kJ\",\"Description\":\"Energy kJ Quantity Per 100g - Total - NIP\",\"SortOrder\":239},{\"Id\":760,\"Name\":\"Energy kJ Quantity Per Serve - Total - NIP\",\"Value\":\"745kJ\",\"Description\":\"Energy kJ Quantity Per Serve - Total - NIP\",\"SortOrder\":243},{\"Id\":253,\"Name\":\"Fat Saturated Quantity Per 100g - Total - NIP\",\"Value\":\"1.2g\",\"Description\":\"Fat Saturated Quantity Per 100g - Total - NIP\",\"SortOrder\":251},{\"Id\":258,\"Name\":\"Fat Saturated Quantity Per Serve - Total - NIP\",\"Value\":\"3.0g\",\"Description\":\"Fat Saturated Quantity Per Serve - Total - NIP\",\"SortOrder\":255},{\"Id\":764,\"Name\":\"Fat Total Quantity Per 100g - Total - NIP\",\"Value\":\"1.8g\",\"Description\":\"Fat Total Quantity Per 100g - Total - NIP\",\"SortOrder\":263},{\"Id\":264,\"Name\":\"Fat Total Quantity Per Serve - Total - NIP\",\"Value\":\"4.5g\",\"Description\":\"Fat Total Quantity Per Serve - Total - NIP\",\"SortOrder\":267},{\"Id\":878,\"Name\":\"Protein Quantity Per 100g - Total - NIP\",\"Value\":\"3.2g\",\"Description\":\"Protein Quantity Per 100g - Total - NIP\",\"SortOrder\":587},{\"Id\":882,\"Name\":\"Protein Quantity Per Serve - Total - NIP\",\"Value\":\"8.0g\",\"Description\":\"Protein Quantity Per Serve - Total - NIP\",\"SortOrder\":591},{\"Id\":477,\"Name\":\"Serving Size - Total - NIP\",\"Value\":\"250mL\",\"Description\":\"Serving Size - Total - NIP\",\"SortOrder\":607},{\"Id\":544,\"Name\":\"Servings Per Pack - Total - NIP\",\"Value\":\"1\",\"Description\":\"Servings Per Pack - Total - NIP\",\"SortOrder\":611},{\"Id\":491,\"Name\":\"Sodium Quantity Per 100g - Total - NIP\",\"Value\":\"52mg\",\"Description\":\"Sodium Quantity Per 100g - Total - NIP\",\"SortOrder\":623},{\"Id\":495,\"Name\":\"Sodium Quantity Per Serve - Total - NIP\",\"Value\":\"130mg\",\"Description\":\"Sodium Quantity Per Serve - Total - NIP\",\"SortOrder\":627},{\"Id\":907,\"Name\":\"Sugars Quantity Per 100g - Prefix - NIP\",\"Value\":\"\",\"Description\":\"Sugars Quantity Per 100g - Prefix - NIP\",\"SortOrder\":645},{\"Id\":908,\"Name\":\"Sugars Quantity Per 100g - SuffixUnits - NIP\",\"Value\":\"g\",\"Description\":\"Sugars Quantity Per 100g - SuffixUnits - NIP\",\"SortOrder\":646},{\"Id\":909,\"Name\":\"Sugars Quantity Per 100g - Total - NIP\",\"Value\":\"10.3g\",\"Description\":\"Sugars Quantity Per 100g - Total - NIP\",\"SortOrder\":647},{\"Id\":910,\"Name\":\"Sugars Quantity Per 100g - ValueWord - NIP\",\"Value\":\"10.3\",\"Description\":\"Sugars Quantity Per 100g - ValueWord - NIP\",\"SortOrder\":648},{\"Id\":504,\"Name\":\"Sugars Quantity Per Serve - Prefix - NIP\",\"Value\":\"\",\"Description\":\"Sugars Quantity Per Serve - Prefix - NIP\",\"SortOrder\":649},{\"Id\":911,\"Name\":\"Sugars Quantity Per Serve - SuffixUnits - NIP\",\"Value\":\"g\",\"Description\":\"Sugars Quantity Per Serve - SuffixUnits - NIP\",\"SortOrder\":650},{\"Id\":912,\"Name\":\"Sugars Quantity Per Serve - Total - NIP\",\"Value\":\"25.8g\",\"Description\":\"Sugars Quantity Per Serve - Total - NIP\",\"SortOrder\":651},{\"Id\":572,\"Name\":\"Sugars Quantity Per Serve - ValueWord - NIP\",\"Value\":\"25.8\",\"Description\":\"Sugars Quantity Per Serve - ValueWord - NIP\",\"SortOrder\":652}]}",
            "storageinstructions": "Keep refrigerated and store between 1°C and 5°C.",
            "usageinstructions": null,
            "brand": "pauls",
            "manufacturer": null,
            "countryoforigin": null,
            "productheightmm": null,
            "productwidthmm": null,
            "productdepthmm": null,
            "wool_productpackaging": null,
            "recyclableinformation": null,
            "importantinformation": null,
            "allergencontains": "Milk",
            "allergenmaybepresent": null,
            "allergystatement": "No Artificial Colours or Flavours",
            "lifestyleanddietarystatement": "Source of Calcium",
            "lifestyleclaim": null,
            "wool_dietaryclaim": "No Artificial Sweeteners, No Artificial Colours, No Artificial Flavours, High in Calcium, Source of Protein",
            "boxedcontents": null,
            "suitablefor": null,
            "fragrance": null,
            "colour": null,
            "antioxidant": "False",
            "addedvitaminsandminerals": "False",
            "bpafree": "False",
            "sulfatefree": "False",
            "parabenfree": "False",
            "claims": null,
            "alcoholfree": null,
            "anti-dandruff": null,
            "dermatologicallyapproved": null,
            "dermatologistrecommended": null,
            "dermatologisttested": null,
            "fragrance-free": null,
            "haircolour": null,
            "hairtype": null,
            "hypo-allergenic": null,
            "non-comedogenic": null,
            "oilfree": null,
            "ophthalmologistapproved": null,
            "ophthalmologisttested": null,
            "paba-free": null,
            "skincondition": null,
            "skintype": null,
            "soap-free": null,
            "spf": null,
            "sweatresistant": null,
            "timer": null,
            "waterresistant": null,
            "phbalanced": null,
            "antiseptic": "False",
            "antibacterial": "False",
            "activeconstituents": null,
            "contains": null,
            "microwavesafe": "False",
            "productimagecount": "4",
            "friendlydisclaimer": null,
            "productimages": "865319.jpg,865319_1.jpg,865319_2.jpg,865319_3.jpg",
            "healthstarrating": "0",
            "tgawarnings": null,
            "vendorarticleid": null,
            "vendorcostprice": null,
            "tgawarning": null
          },
          "DetailsImagePaths": [
            "https://cdn0.woolworths.media/content/wowproductimages/large/865319.jpg",
            "https://cdn0.woolworths.media/content/wowproductimages/large/865319_1.jpg",
            "https://cdn0.woolworths.media/content/wowproductimages/large/865319_2.jpg",
            "https://cdn0.woolworths.media/content/wowproductimages/large/865319_3.jpg"
          ],
          "Variety": "flavoured milk",
          "Rating": {
            "ReviewCount": 0,
            "RatingCount": 0,
            "RatingSum": 0,
            "OneStarCount": 0,
            "TwoStarCount": 0,
            "ThreeStarCount": 0,
            "FourStarCount": 0,
            "FiveStarCount": 0,
            "Average": 0,
            "OneStarPercentage": 0,
            "TwoStarPercentage": 0,
            "ThreeStarPercentage": 0,
            "FourStarPercentage": 0,
            "FiveStarPercentage": 0
          },
          "HasProductSubs": false,
          "IsSponsoredAd": false,
          "AdID": null,
          "AdIndex": null,
          "ThirdPartyProductInfo": null,
          "MarketFeatures": null,
          "MarketSpecifications": null
        }
      ],
      "Name": "Pauls Milky Max Chocolate Flavoured Milk"
    },
    {
      "Products": [
        {
          "TileID": 0,
          "Stockcode": 865321,
          "Barcode": "9310036045533",
          "GtinFormat": 13,
          "CupPrice": 8,
          "InstoreCupPrice": 8,
          "CupMeasure": "1L",
          "CupString": "$8.00 / 1L",
          "InstoreCupString": "$8.00 / 1L",
          "HasCupPrice": true,
          "InstoreHasCupPrice": true,
          "Price": 2,
          "InstorePrice": 2,
          "Name": "Pauls Milky Max Strawberry Flavoured Milk",
          "UrlFriendlyName": "pauls-milky-max-strawberry-flavoured-milk",
          "Description": " Pauls Milky Max Strawberry<br>Flavoured Milk 250ml",
          "SmallImageFile": "https://cdn0.woolworths.media/content/wowproductimages/small/865321.jpg",
          "MediumImageFile": "https://cdn0.woolworths.media/content/wowproductimages/medium/865321.jpg",
          "LargeImageFile": "https://cdn0.woolworths.media/content/wowproductimages/large/865321.jpg",
          "IsNew": false,
          "IsOnSpecial": false,
          "InstoreIsOnSpecial": false,
          "IsEdrSpecial": false,
          "SavingsAmount": 0,
          "InstoreSavingsAmount": 0,
          "WasPrice": 2,
          "InstoreWasPrice": 2,
          "QuantityInTrolley": 0,
          "Unit": "Each",
          "MinimumQuantity": 1,
          "HasBeenBoughtBefore": false,
          "IsInTrolley": false,
          "Source": "Aisle.DairyEggsFridge",
          "SupplyLimit": 36,
          "IsRanged": false,
          "IsInStock": true,
          "PackageSize": "250ml",
          "IsPmDelivery": true,
          "IsForCollection": true,
          "IsForDelivery": true,
          "IsForExpress": false,
          "ProductRestrictionMessage": null,
          "ProductWarningMessage": null,
          "CentreTag": {
            "TagContent": null,
            "TagLink": null,
            "FallbackText": null,
            "TagType": "None",
            "MultibuyData": null
          },
          "IsCentreTag": false,
          "ImageTag": {
            "TagContent": null,
            "TagLink": null,
            "FallbackText": "",
            "TagType": "None",
            "MultibuyData": null
          },
          "HeaderTag": null,
          "HasHeaderTag": false,
          "UnitWeightInGrams": 289,
          "SupplyLimitMessage": "'Pauls Milky Max Strawberry Flavoured Milk' has a supply limit of 36. The quantity in your cart has been reduced accordingly. To purchase a larger quantity, please contact us on 1800 000 610. Please note we do not supply trade orders.",
          "SmallFormatDescription": "Pauls Milky Max Strawberry Flavoured Milk",
          "FullDescription": "Pauls Milky Max Strawberry Flavoured Milk",
          "IsAvailable": true,
          "InstoreIsAvailable": true,
          "IsPurchasable": true,
          "InstoreIsPurchasable": true,
          "AgeRestricted": false,
          "DisplayQuantity": 1,
          "RichDescription": "<p>- Made from the goodness of Pauls Milk</p><p>- Source of Protein</p>",
          "IsDeliveryPass": false,
          "HideWasSavedPrice": false,
          "SapCategories": null,
          "Brand": "pauls",
          "IsRestrictedByDeliveryMethod": false,
          "FooterTag": {
            "TagContent": null,
            "TagLink": null,
            "FallbackText": null,
            "TagType": "None",
            "MultibuyData": null
          },
          "IsFooterEnabled": true,
          "Diagnostics": "1733",
          "IsBundle": false,
          "IsInFamily": false,
          "ChildProducts": [],
          "UrlOverride": null,
          "AdditionalAttributes": {
            "sapdepartmentname": "FRESH CONVENIENCE",
            "sapdepartmentno": "10",
            "sapcategoryname": "DAIRY - MILK",
            "sapcategoryno": "93",
            "sapsubcategoryname": "MILK - FLAVOURED",
            "sapsubcategoryno": "896",
            "sapsegmentname": "MILK FLAVOURED 999ML & UNDER",
            "sapsegmentno": "1",
            "specialsgroupid": null,
            "PiesProductDepartmentNodeId": "1_6E4F4E4",
            "PiesProductDepartmentsjson": "[{\"Id\":\"1_6E4F4E4\",\"Description\":\"Dairy, Eggs & Fridge\"}]",
            "piesdepartmentnamesjson": "[\"Dairy, Eggs & Fridge\"]",
            "piescategorynamesjson": "[\"Milk\"]",
            "piessubcategorynamesjson": "[\"Flavoured Milk\"]",
            "servingsize-total-nip": null,
            "servingsperpack-total-nip": null,
            "microwaveable": "False",
            "ovencook": "False",
            "vegetarian": "False",
            "freezable": "False",
            "containsnuts": "False",
            "containsgluten": "False",
            "description": "<p>- Made from the goodness of Pauls Milk</p><p>- Source of Protein</p>",
            "ingredients": "Reduced fat milk, water, milk solids, sugar, natural flavour, colour (120), mineral salt (452), stabiliser (407), Vitamin A, Vitamin D",
            "nutritionalinformation": "{\"Name\":\"Nutritional Information\",\"Attributes\":[{\"Id\":705,\"Name\":\"Carbohydrate Quantity Per 100g - Total - NIP\",\"Value\":\"10.5g\",\"Description\":\"Carbohydrate Quantity Per 100g - Total - NIP\",\"SortOrder\":83},{\"Id\":706,\"Name\":\"Carbohydrate Quantity Per Serve - Total - NIP\",\"Value\":\"26.3g\",\"Description\":\"Carbohydrate Quantity Per Serve - Total - NIP\",\"SortOrder\":87},{\"Id\":759,\"Name\":\"Energy kJ Quantity Per 100g - Total - NIP\",\"Value\":\"296kJ\",\"Description\":\"Energy kJ Quantity Per 100g - Total - NIP\",\"SortOrder\":239},{\"Id\":760,\"Name\":\"Energy kJ Quantity Per Serve - Total - NIP\",\"Value\":\"740kJ\",\"Description\":\"Energy kJ Quantity Per Serve - Total - NIP\",\"SortOrder\":243},{\"Id\":253,\"Name\":\"Fat Saturated Quantity Per 100g - Total - NIP\",\"Value\":\"1.1g\",\"Description\":\"Fat Saturated Quantity Per 100g - Total - NIP\",\"SortOrder\":251},{\"Id\":258,\"Name\":\"Fat Saturated Quantity Per Serve - Total - NIP\",\"Value\":\"2.8g\",\"Description\":\"Fat Saturated Quantity Per Serve - Total - NIP\",\"SortOrder\":255},{\"Id\":764,\"Name\":\"Fat Total Quantity Per 100g - Total - NIP\",\"Value\":\"1.8g\",\"Description\":\"Fat Total Quantity Per 100g - Total - NIP\",\"SortOrder\":263},{\"Id\":264,\"Name\":\"Fat Total Quantity Per Serve - Total - NIP\",\"Value\":\"4.5g\",\"Description\":\"Fat Total Quantity Per Serve - Total - NIP\",\"SortOrder\":267},{\"Id\":878,\"Name\":\"Protein Quantity Per 100g - Total - NIP\",\"Value\":\"3.1g\",\"Description\":\"Protein Quantity Per 100g - Total - NIP\",\"SortOrder\":587},{\"Id\":882,\"Name\":\"Protein Quantity Per Serve - Total - NIP\",\"Value\":\"7.8g\",\"Description\":\"Protein Quantity Per Serve - Total - NIP\",\"SortOrder\":591},{\"Id\":477,\"Name\":\"Serving Size - Total - NIP\",\"Value\":\"250mL\",\"Description\":\"Serving Size - Total - NIP\",\"SortOrder\":607},{\"Id\":544,\"Name\":\"Servings Per Pack - Total - NIP\",\"Value\":\"1\",\"Description\":\"Servings Per Pack - Total - NIP\",\"SortOrder\":611},{\"Id\":491,\"Name\":\"Sodium Quantity Per 100g - Total - NIP\",\"Value\":\"49mg\",\"Description\":\"Sodium Quantity Per 100g - Total - NIP\",\"SortOrder\":623},{\"Id\":495,\"Name\":\"Sodium Quantity Per Serve - Total - NIP\",\"Value\":\"123mg\",\"Description\":\"Sodium Quantity Per Serve - Total - NIP\",\"SortOrder\":627},{\"Id\":907,\"Name\":\"Sugars Quantity Per 100g - Prefix - NIP\",\"Value\":\"\",\"Description\":\"Sugars Quantity Per 100g - Prefix - NIP\",\"SortOrder\":645},{\"Id\":908,\"Name\":\"Sugars Quantity Per 100g - SuffixUnits - NIP\",\"Value\":\"g\",\"Description\":\"Sugars Quantity Per 100g - SuffixUnits - NIP\",\"SortOrder\":646},{\"Id\":909,\"Name\":\"Sugars Quantity Per 100g - Total - NIP\",\"Value\":\"10.3g\",\"Description\":\"Sugars Quantity Per 100g - Total - NIP\",\"SortOrder\":647},{\"Id\":910,\"Name\":\"Sugars Quantity Per 100g - ValueWord - NIP\",\"Value\":\"10.3\",\"Description\":\"Sugars Quantity Per 100g - ValueWord - NIP\",\"SortOrder\":648},{\"Id\":504,\"Name\":\"Sugars Quantity Per Serve - Prefix - NIP\",\"Value\":\"\",\"Description\":\"Sugars Quantity Per Serve - Prefix - NIP\",\"SortOrder\":649},{\"Id\":911,\"Name\":\"Sugars Quantity Per Serve - SuffixUnits - NIP\",\"Value\":\"g\",\"Description\":\"Sugars Quantity Per Serve - SuffixUnits - NIP\",\"SortOrder\":650},{\"Id\":912,\"Name\":\"Sugars Quantity Per Serve - Total - NIP\",\"Value\":\"25.8g\",\"Description\":\"Sugars Quantity Per Serve - Total - NIP\",\"SortOrder\":651},{\"Id\":572,\"Name\":\"Sugars Quantity Per Serve - ValueWord - NIP\",\"Value\":\"25.8\",\"Description\":\"Sugars Quantity Per Serve - ValueWord - NIP\",\"SortOrder\":652}]}",
            "storageinstructions": "keep refrigerated and store between 1C and 5C.",
            "usageinstructions": null,
            "brand": "pauls",
            "manufacturer": null,
            "countryoforigin": null,
            "productheightmm": null,
            "productwidthmm": null,
            "productdepthmm": null,
            "wool_productpackaging": null,
            "recyclableinformation": null,
            "importantinformation": null,
            "allergencontains": "Milk",
            "allergenmaybepresent": null,
            "allergystatement": "No Artificial Colours or Flavours",
            "lifestyleanddietarystatement": "Source of Protein",
            "lifestyleclaim": null,
            "wool_dietaryclaim": "No Artificial Sweeteners, No Artificial Colours, No Artificial Flavours, High in Calcium, Source of Protein",
            "boxedcontents": null,
            "suitablefor": null,
            "fragrance": null,
            "colour": null,
            "antioxidant": "False",
            "addedvitaminsandminerals": "False",
            "bpafree": "False",
            "sulfatefree": "False",
            "parabenfree": "False",
            "claims": null,
            "alcoholfree": null,
            "anti-dandruff": null,
            "dermatologicallyapproved": null,
            "dermatologistrecommended": null,
            "dermatologisttested": null,
            "fragrance-free": null,
            "haircolour": null,
            "hairtype": null,
            "hypo-allergenic": null,
            "non-comedogenic": null,
            "oilfree": null,
            "ophthalmologistapproved": null,
            "ophthalmologisttested": null,
            "paba-free": null,
            "skincondition": null,
            "skintype": null,
            "soap-free": null,
            "spf": null,
            "sweatresistant": null,
            "timer": null,
            "waterresistant": null,
            "phbalanced": null,
            "antiseptic": "False",
            "antibacterial": "False",
            "activeconstituents": null,
            "contains": null,
            "microwavesafe": "False",
            "productimagecount": "4",
            "friendlydisclaimer": null,
            "productimages": "865321.jpg,865321_1.jpg,865321_2.jpg,865321_3.jpg",
            "healthstarrating": "0",
            "tgawarnings": null,
            "vendorarticleid": null,
            "vendorcostprice": null,
            "tgawarning": null
          },
          "DetailsImagePaths": [
            "https://cdn0.woolworths.media/content/wowproductimages/large/865321.jpg",
            "https://cdn0.woolworths.media/content/wowproductimages/large/865321_1.jpg",
            "https://cdn0.woolworths.media/content/wowproductimages/large/865321_2.jpg",
            "https://cdn0.woolworths.media/content/wowproductimages/large/865321_3.jpg"
          ],
          "Variety": "strawberry flavoured milk",
          "Rating": {
            "ReviewCount": 0,
            "RatingCount": 0,
            "RatingSum": 0,
            "OneStarCount": 0,
            "TwoStarCount": 0,
            "ThreeStarCount": 0,
            "FourStarCount": 0,
            "FiveStarCount": 0,
            "Average": 0,
            "OneStarPercentage": 0,
            "TwoStarPercentage": 0,
            "ThreeStarPercentage": 0,
            "FourStarPercentage": 0,
            "FiveStarPercentage": 0
          },
          "HasProductSubs": false,
          "IsSponsoredAd": false,
          "AdID": null,
          "AdIndex": null,
          "ThirdPartyProductInfo": null,
          "MarketFeatures": null,
          "MarketSpecifications": null
        }
      ],
      "Name": "Pauls Milky Max Strawberry Flavoured Milk"
    },
    {
      "Products": [
        {
          "TileID": 0,
          "Stockcode": 924245,
          "Barcode": "9315090202359",
          "GtinFormat": 13,
          "CupPrice": 2,
          "InstoreCupPrice": 2,
          "CupMeasure": "1L",
          "CupString": "$2.00 / 1L",
          "InstoreCupString": "$2.00 / 1L",
          "HasCupPrice": true,
          "InstoreHasCupPrice": true,
          "Price": 2,
          "InstorePrice": 2,
          "Name": "Australia's Own Unsweetened Almond Milk",
          "UrlFriendlyName": "australia-s-own-unsweetened-almond-milk",
          "Description": " Australia's Own Unsweetened<br>Almond Milk 1l",
          "SmallImageFile": "https://cdn0.woolworths.media/content/wowproductimages/small/924245.jpg",
          "MediumImageFile": "https://cdn0.woolworths.media/content/wowproductimages/medium/924245.jpg",
          "LargeImageFile": "https://cdn0.woolworths.media/content/wowproductimages/large/924245.jpg",
          "IsNew": false,
          "IsOnSpecial": true,
          "InstoreIsOnSpecial": true,
          "IsEdrSpecial": false,
          "SavingsAmount": 0.8,
          "InstoreSavingsAmount": 0.8,
          "WasPrice": 2.8,
          "InstoreWasPrice": 2.8,
          "QuantityInTrolley": 0,
          "Unit": "Each",
          "MinimumQuantity": 1,
          "HasBeenBoughtBefore": false,
          "IsInTrolley": false,
          "Source": "Aisle.DairyEggsFridge",
          "SupplyLimit": 36,
          "IsRanged": false,
          "IsInStock": true,
          "PackageSize": "1l",
          "IsPmDelivery": false,
          "IsForCollection": true,
          "IsForDelivery": true,
          "IsForExpress": false,
          "ProductRestrictionMessage": null,
          "ProductWarningMessage": null,
          "CentreTag": {
            "TagContent": null,
            "TagLink": null,
            "FallbackText": null,
            "TagType": "None",
            "MultibuyData": null
          },
          "IsCentreTag": false,
          "ImageTag": {
            "TagContent": "/content/promotiontags/roundel-special-200x200.png",
            "TagLink": "",
            "FallbackText": "On Special",
            "TagType": "None",
            "MultibuyData": null
          },
          "HeaderTag": {
            "BackgroundColor": "#fd0",
            "BorderColor": "#fd0",
            "TextColor": "#000",
            "Content": "Save $0.80",
            "TagLink": null,
            "Promotion": "Special"
          },
          "HasHeaderTag": true,
          "UnitWeightInGrams": 1073,
          "SupplyLimitMessage": "'Australia's Own Unsweetened Almond Milk' has a supply limit of 36. The quantity in your cart has been reduced accordingly. To purchase a larger quantity, please contact us on 1800 000 610. Please note we do not supply trade orders.",
          "SmallFormatDescription": "Australia's Own Unsweetened Almond Milk",
          "FullDescription": "Australia's Own Unsweetened Almond Milk",
          "IsAvailable": true,
          "InstoreIsAvailable": true,
          "IsPurchasable": true,
          "InstoreIsPurchasable": true,
          "AgeRestricted": false,
          "DisplayQuantity": 1,
          "RichDescription": "Australia's Own Organic Almond Milk Unsweetened contains only 4 ingredients. <br> <p>The quality of our Australia's Own Organic Unsweetened Almond Milk is a reflection of our commitment to bring Australians the best.<br /><br /> We source ingredients from farmers who share our passion and adhere to our strict Australia's Own Organic quality standards.<br /><br /> Thank you for choosing Australia's Own.<br /><br /> Australian owned since 1995.<br /><br /> Free from GM ingredients, cholesterol, artificial colours, flavours and preservatives. Vegan friendly.</p>",
          "IsDeliveryPass": false,
          "HideWasSavedPrice": false,
          "SapCategories": null,
          "Brand": "australia's own",
          "IsRestrictedByDeliveryMethod": false,
          "FooterTag": {
            "TagContent": "<div class=\"productTag-pricedropped\" style=\"\r\nheight:46px;\r\nposition:absolute;\r\ntop:-4px;\r\nleft:0;\r\nwidth:100%;\r\nbackground:white;\r\noutline: 1px solid #c20016;\r\ntext-align:center;\">\r\n\r\n<img src=\"https://cdn0.woolworths.media/content/content/pricedropped-footer-transparent.png\" width=\"204px\" height=\"16px\" alt=\"Price Dropped\" style=\"display:inline-block;margin-top:15px;max-width: 100%;\">\r\n</div>",
            "TagLink": null,
            "FallbackText": null,
            "TagType": "Html",
            "MultibuyData": null
          },
          "IsFooterEnabled": true,
          "Diagnostics": "1734",
          "IsBundle": false,
          "IsInFamily": false,
          "ChildProducts": [],
          "UrlOverride": null,
          "AdditionalAttributes": {
            "sapdepartmentname": "GROCERIES",
            "sapdepartmentno": "5",
            "sapcategoryname": "BEVERAGES",
            "sapcategoryno": "57",
            "sapsubcategoryname": "LONGLIFE MILK & SOY DRINKS",
            "sapsubcategoryno": "3",
            "sapsegmentname": "LONG LIFE MILK - NUT",
            "sapsegmentno": "7",
            "specialsgroupid": null,
            "PiesProductDepartmentNodeId": "1_5AF3A0A",
            "PiesProductDepartmentsjson": "[{\"Id\":\"1_5AF3A0A\",\"Description\":\"Drinks\"},{\"Id\":\"1_6E4F4E4\",\"Description\":\"Dairy, Eggs & Fridge\"}]",
            "piesdepartmentnamesjson": "[\"Drinks\",\"Dairy, Eggs & Fridge\"]",
            "piescategorynamesjson": "[\"Long Life Milk\",\"Milk\"]",
            "piessubcategorynamesjson": "[\"Almond Milk\",\"Long Life Milk\",\"Soy & Speciality Milk\"]",
            "servingsize-total-nip": null,
            "servingsperpack-total-nip": null,
            "microwaveable": "False",
            "ovencook": "False",
            "vegetarian": "False",
            "freezable": "False",
            "containsnuts": "False",
            "containsgluten": "False",
            "description": "Australia's Own Organic Almond Milk Unsweetened contains only 4 ingredients. <br> <p>The quality of our Australia's Own Organic Unsweetened Almond Milk is a reflection of our commitment to bring Australians the best.<br /><br /> We source ingredients from farmers who share our passion and adhere to our strict Australia's Own Organic quality standards.<br /><br /> Thank you for choosing Australia's Own.<br /><br /> Australian owned since 1995.<br /><br /> Free from GM ingredients, cholesterol, artificial colours, flavours and preservatives. Vegan friendly.</p>",
            "ingredients": "Filtered Australian Water, Organic Almonds (3%), Organic Sunflower Oil, Salt.",
            "nutritionalinformation": "{\"Name\":\"Nutritional Information\",\"Attributes\":[{\"Id\":705,\"Name\":\"Carbohydrate Quantity Per 100g - Total - NIP\",\"Value\":\"0.3g\",\"Description\":\"Carbohydrate Quantity Per 100g - Total - NIP\",\"SortOrder\":83},{\"Id\":706,\"Name\":\"Carbohydrate Quantity Per Serve - Total - NIP\",\"Value\":\"0.8g\",\"Description\":\"Carbohydrate Quantity Per Serve - Total - NIP\",\"SortOrder\":87},{\"Id\":759,\"Name\":\"Energy kJ Quantity Per 100g - Total - NIP\",\"Value\":\"90kJ\",\"Description\":\"Energy kJ Quantity Per 100g - Total - NIP\",\"SortOrder\":239},{\"Id\":760,\"Name\":\"Energy kJ Quantity Per Serve - Total - NIP\",\"Value\":\"225kJ\",\"Description\":\"Energy kJ Quantity Per Serve - Total - NIP\",\"SortOrder\":243},{\"Id\":253,\"Name\":\"Fat Saturated Quantity Per 100g - Total - NIP\",\"Value\":\"0.2g\",\"Description\":\"Fat Saturated Quantity Per 100g - Total - NIP\",\"SortOrder\":251},{\"Id\":258,\"Name\":\"Fat Saturated Quantity Per Serve - Total - NIP\",\"Value\":\"0.5g\",\"Description\":\"Fat Saturated Quantity Per Serve - Total - NIP\",\"SortOrder\":255},{\"Id\":764,\"Name\":\"Fat Total Quantity Per 100g - Total - NIP\",\"Value\":\"2.0g\",\"Description\":\"Fat Total Quantity Per 100g - Total - NIP\",\"SortOrder\":263},{\"Id\":264,\"Name\":\"Fat Total Quantity Per Serve - Total - NIP\",\"Value\":\"5.0g\",\"Description\":\"Fat Total Quantity Per Serve - Total - NIP\",\"SortOrder\":267},{\"Id\":878,\"Name\":\"Protein Quantity Per 100g - Total - NIP\",\"Value\":\"0.6g\",\"Description\":\"Protein Quantity Per 100g - Total - NIP\",\"SortOrder\":587},{\"Id\":882,\"Name\":\"Protein Quantity Per Serve - Total - NIP\",\"Value\":\"1.5g\",\"Description\":\"Protein Quantity Per Serve - Total - NIP\",\"SortOrder\":591},{\"Id\":477,\"Name\":\"Serving Size - Total - NIP\",\"Value\":\"250mL\",\"Description\":\"Serving Size - Total - NIP\",\"SortOrder\":607},{\"Id\":544,\"Name\":\"Servings Per Pack - Total - NIP\",\"Value\":\"4\",\"Description\":\"Servings Per Pack - Total - NIP\",\"SortOrder\":611},{\"Id\":491,\"Name\":\"Sodium Quantity Per 100g - Total - NIP\",\"Value\":\"40mg\",\"Description\":\"Sodium Quantity Per 100g - Total - NIP\",\"SortOrder\":623},{\"Id\":495,\"Name\":\"Sodium Quantity Per Serve - Total - NIP\",\"Value\":\"100mg\",\"Description\":\"Sodium Quantity Per Serve - Total - NIP\",\"SortOrder\":627},{\"Id\":907,\"Name\":\"Sugars Quantity Per 100g - Prefix - NIP\",\"Value\":\"\",\"Description\":\"Sugars Quantity Per 100g - Prefix - NIP\",\"SortOrder\":645},{\"Id\":908,\"Name\":\"Sugars Quantity Per 100g - SuffixUnits - NIP\",\"Value\":\"g\",\"Description\":\"Sugars Quantity Per 100g - SuffixUnits - NIP\",\"SortOrder\":646},{\"Id\":909,\"Name\":\"Sugars Quantity Per 100g - Total - NIP\",\"Value\":\"0.1g\",\"Description\":\"Sugars Quantity Per 100g - Total - NIP\",\"SortOrder\":647},{\"Id\":910,\"Name\":\"Sugars Quantity Per 100g - ValueWord - NIP\",\"Value\":\"0.1\",\"Description\":\"Sugars Quantity Per 100g - ValueWord - NIP\",\"SortOrder\":648},{\"Id\":504,\"Name\":\"Sugars Quantity Per Serve - Prefix - NIP\",\"Value\":\"\",\"Description\":\"Sugars Quantity Per Serve - Prefix - NIP\",\"SortOrder\":649},{\"Id\":911,\"Name\":\"Sugars Quantity Per Serve - SuffixUnits - NIP\",\"Value\":\"g\",\"Description\":\"Sugars Quantity Per Serve - SuffixUnits - NIP\",\"SortOrder\":650},{\"Id\":912,\"Name\":\"Sugars Quantity Per Serve - Total - NIP\",\"Value\":\"0.3g\",\"Description\":\"Sugars Quantity Per Serve - Total - NIP\",\"SortOrder\":651},{\"Id\":572,\"Name\":\"Sugars Quantity Per Serve - ValueWord - NIP\",\"Value\":\"0.3\",\"Description\":\"Sugars Quantity Per Serve - ValueWord - NIP\",\"SortOrder\":652}]}",
            "storageinstructions": "Once opened store below 4°C and consume within 5 days. Do not consume if seal is broken.",
            "usageinstructions": null,
            "brand": "australia's own",
            "manufacturer": null,
            "countryoforigin": null,
            "productheightmm": null,
            "productwidthmm": null,
            "productdepthmm": null,
            "wool_productpackaging": null,
            "recyclableinformation": null,
            "importantinformation": null,
            "allergencontains": "Almonds",
            "allergenmaybepresent": null,
            "allergystatement": "Egg Free",
            "lifestyleanddietarystatement": "Vegan",
            "lifestyleclaim": "Organic (Certified), Vegan",
            "wool_dietaryclaim": "No Artificial Colours, No Artificial Flavours, No Preservatives",
            "boxedcontents": null,
            "suitablefor": "Vegan",
            "fragrance": null,
            "colour": null,
            "antioxidant": "False",
            "addedvitaminsandminerals": "False",
            "bpafree": "False",
            "sulfatefree": "False",
            "parabenfree": "False",
            "claims": null,
            "alcoholfree": null,
            "anti-dandruff": null,
            "dermatologicallyapproved": null,
            "dermatologistrecommended": null,
            "dermatologisttested": null,
            "fragrance-free": null,
            "haircolour": null,
            "hairtype": null,
            "hypo-allergenic": null,
            "non-comedogenic": null,
            "oilfree": null,
            "ophthalmologistapproved": null,
            "ophthalmologisttested": null,
            "paba-free": null,
            "skincondition": null,
            "skintype": null,
            "soap-free": null,
            "spf": null,
            "sweatresistant": null,
            "timer": null,
            "waterresistant": null,
            "phbalanced": null,
            "antiseptic": "False",
            "antibacterial": "False",
            "activeconstituents": null,
            "contains": null,
            "microwavesafe": "False",
            "productimagecount": "6",
            "friendlydisclaimer": null,
            "productimages": "924245.jpg,924245_1.jpg,924245_3.jpg,924245_2.jpg,924245_4.jpg,924245_5.jpg",
            "healthstarrating": "0",
            "tgawarnings": null,
            "vendorarticleid": null,
            "vendorcostprice": null,
            "tgawarning": null
          },
          "DetailsImagePaths": [
            "https://cdn0.woolworths.media/content/wowproductimages/large/924245.jpg",
            "https://cdn0.woolworths.media/content/wowproductimages/large/924245_1.jpg",
            "https://cdn0.woolworths.media/content/wowproductimages/large/924245_2.jpg",
            "https://cdn0.woolworths.media/content/wowproductimages/large/924245_3.jpg",
            "https://cdn0.woolworths.media/content/wowproductimages/large/924245_4.jpg",
            "https://cdn0.woolworths.media/content/wowproductimages/large/924245_5.jpg"
          ],
          "Variety": "milk",
          "Rating": {
            "ReviewCount": 0,
            "RatingCount": 0,
            "RatingSum": 0,
            "OneStarCount": 0,
            "TwoStarCount": 0,
            "ThreeStarCount": 0,
            "FourStarCount": 0,
            "FiveStarCount": 0,
            "Average": 0,
            "OneStarPercentage": 0,
            "TwoStarPercentage": 0,
            "ThreeStarPercentage": 0,
            "FourStarPercentage": 0,
            "FiveStarPercentage": 0
          },
          "HasProductSubs": false,
          "IsSponsoredAd": false,
          "AdID": null,
          "AdIndex": null,
          "ThirdPartyProductInfo": null,
          "MarketFeatures": null,
          "MarketSpecifications": null
        }
      ],
      "Name": "Australia's Own Unsweetened Almond Milk"
    },
    {
      "Products": [
        {
          "TileID": 0,
          "Stockcode": 965942,
          "Barcode": "9338033004193",
          "GtinFormat": 13,
          "CupPrice": 0.8,
          "InstoreCupPrice": 0.8,
          "CupMeasure": "100G",
          "CupString": "$0.80 / 100G",
          "InstoreCupString": "$0.80 / 100G",
          "HasCupPrice": true,
          "InstoreHasCupPrice": true,
          "Price": 2,
          "InstorePrice": 2,
          "Name": "Picasso Pizza Dough Ball",
          "UrlFriendlyName": "picasso-pizza-dough-ball",
          "Description": " Picasso Pizza Dough Ball  250g",
          "SmallImageFile": "https://cdn0.woolworths.media/content/wowproductimages/small/965942.jpg",
          "MediumImageFile": "https://cdn0.woolworths.media/content/wowproductimages/medium/965942.jpg",
          "LargeImageFile": "https://cdn0.woolworths.media/content/wowproductimages/large/965942.jpg",
          "IsNew": false,
          "IsOnSpecial": false,
          "InstoreIsOnSpecial": false,
          "IsEdrSpecial": false,
          "SavingsAmount": 0,
          "InstoreSavingsAmount": 0,
          "WasPrice": 2,
          "InstoreWasPrice": 2,
          "QuantityInTrolley": 0,
          "Unit": "Each",
          "MinimumQuantity": 1,
          "HasBeenBoughtBefore": false,
          "IsInTrolley": false,
          "Source": "Aisle.DairyEggsFridge",
          "SupplyLimit": 36,
          "IsRanged": false,
          "IsInStock": true,
          "PackageSize": "250g",
          "IsPmDelivery": true,
          "IsForCollection": true,
          "IsForDelivery": true,
          "IsForExpress": false,
          "ProductRestrictionMessage": null,
          "ProductWarningMessage": null,
          "CentreTag": {
            "TagContent": null,
            "TagLink": null,
            "FallbackText": null,
            "TagType": "None",
            "MultibuyData": null
          },
          "IsCentreTag": false,
          "ImageTag": {
            "TagContent": null,
            "TagLink": null,
            "FallbackText": "",
            "TagType": "None",
            "MultibuyData": null
          },
          "HeaderTag": null,
          "HasHeaderTag": false,
          "UnitWeightInGrams": 310,
          "SupplyLimitMessage": "'Picasso Pizza Dough Ball' has a supply limit of 36. The quantity in your cart has been reduced accordingly. To purchase a larger quantity, please contact us on 1800 000 610. Please note we do not supply trade orders.",
          "SmallFormatDescription": "Picasso Pizza Dough Ball ",
          "FullDescription": "Picasso Pizza Dough Ball ",
          "IsAvailable": true,
          "InstoreIsAvailable": true,
          "IsPurchasable": true,
          "InstoreIsPurchasable": true,
          "AgeRestricted": false,
          "DisplayQuantity": 1,
          "RichDescription": "Picasso Kitchen Fresh Pizza Dough is easy fun food for the whole family.",
          "IsDeliveryPass": false,
          "HideWasSavedPrice": false,
          "SapCategories": null,
          "Brand": "picasso",
          "IsRestrictedByDeliveryMethod": false,
          "FooterTag": {
            "TagContent": null,
            "TagLink": null,
            "FallbackText": null,
            "TagType": "None",
            "MultibuyData": null
          },
          "IsFooterEnabled": true,
          "Diagnostics": "1735",
          "IsBundle": false,
          "IsInFamily": false,
          "ChildProducts": [],
          "UrlOverride": null,
          "AdditionalAttributes": {
            "sapdepartmentname": "FRESH CONVENIENCE",
            "sapdepartmentno": "10",
            "sapcategoryname": "DELI CONVENIENCE",
            "sapcategoryno": "2",
            "sapsubcategoryname": "PIZZAS PREPACKED",
            "sapsubcategoryno": "259",
            "sapsegmentname": "BASES",
            "sapsegmentno": "3",
            "specialsgroupid": null,
            "PiesProductDepartmentNodeId": "1_6E4F4E4",
            "PiesProductDepartmentsjson": "[{\"Id\":\"1_6E4F4E4\",\"Description\":\"Dairy, Eggs & Fridge\"}]",
            "piesdepartmentnamesjson": "[\"Dairy, Eggs & Fridge\"]",
            "piescategorynamesjson": "[\"Ready to Eat Meals\"]",
            "piessubcategorynamesjson": "[\"Chilled Pizza & Bread\"]",
            "servingsize-total-nip": null,
            "servingsperpack-total-nip": null,
            "microwaveable": "False",
            "ovencook": "False",
            "vegetarian": "False",
            "freezable": "False",
            "containsnuts": "False",
            "containsgluten": "False",
            "description": "Picasso Kitchen Fresh Pizza Dough is easy fun food for the whole family.",
            "ingredients": "Flour (Wheaten flour, Vitamins (Thiamine, Folic acid)), Water, Salt, Yeast.",
            "nutritionalinformation": "{\"Name\":\"Nutritional Information\",\"Attributes\":[{\"Id\":705,\"Name\":\"Carbohydrate Quantity Per 100g - Total - NIP\",\"Value\":\"44.8g\",\"Description\":\"Carbohydrate Quantity Per 100g - Total - NIP\",\"SortOrder\":83},{\"Id\":706,\"Name\":\"Carbohydrate Quantity Per Serve - Total - NIP\",\"Value\":\"56.0g\",\"Description\":\"Carbohydrate Quantity Per Serve - Total - NIP\",\"SortOrder\":87},{\"Id\":759,\"Name\":\"Energy kJ Quantity Per 100g - Total - NIP\",\"Value\":\"920kJ\",\"Description\":\"Energy kJ Quantity Per 100g - Total - NIP\",\"SortOrder\":239},{\"Id\":760,\"Name\":\"Energy kJ Quantity Per Serve - Total - NIP\",\"Value\":\"1150kJ\",\"Description\":\"Energy kJ Quantity Per Serve - Total - NIP\",\"SortOrder\":243},{\"Id\":253,\"Name\":\"Fat Saturated Quantity Per 100g - Total - NIP\",\"Value\":\"<1.0g\",\"Description\":\"Fat Saturated Quantity Per 100g - Total - NIP\",\"SortOrder\":251},{\"Id\":258,\"Name\":\"Fat Saturated Quantity Per Serve - Total - NIP\",\"Value\":\"<1.0g\",\"Description\":\"Fat Saturated Quantity Per Serve - Total - NIP\",\"SortOrder\":255},{\"Id\":764,\"Name\":\"Fat Total Quantity Per 100g - Total - NIP\",\"Value\":\"<1.0g\",\"Description\":\"Fat Total Quantity Per 100g - Total - NIP\",\"SortOrder\":263},{\"Id\":264,\"Name\":\"Fat Total Quantity Per Serve - Total - NIP\",\"Value\":\"<1.0g\",\"Description\":\"Fat Total Quantity Per Serve - Total - NIP\",\"SortOrder\":267},{\"Id\":878,\"Name\":\"Protein Quantity Per 100g - Total - NIP\",\"Value\":\"6.7g\",\"Description\":\"Protein Quantity Per 100g - Total - NIP\",\"SortOrder\":587},{\"Id\":882,\"Name\":\"Protein Quantity Per Serve - Total - NIP\",\"Value\":\"8.4g\",\"Description\":\"Protein Quantity Per Serve - Total - NIP\",\"SortOrder\":591},{\"Id\":477,\"Name\":\"Serving Size - Total - NIP\",\"Value\":\"125g\",\"Description\":\"Serving Size - Total - NIP\",\"SortOrder\":607},{\"Id\":544,\"Name\":\"Servings Per Pack - Total - NIP\",\"Value\":\"2\",\"Description\":\"Servings Per Pack - Total - NIP\",\"SortOrder\":611},{\"Id\":491,\"Name\":\"Sodium Quantity Per 100g - Total - NIP\",\"Value\":\"684mg\",\"Description\":\"Sodium Quantity Per 100g - Total - NIP\",\"SortOrder\":623},{\"Id\":495,\"Name\":\"Sodium Quantity Per Serve - Total - NIP\",\"Value\":\"855mg\",\"Description\":\"Sodium Quantity Per Serve - Total - NIP\",\"SortOrder\":627},{\"Id\":907,\"Name\":\"Sugars Quantity Per 100g - Prefix - NIP\",\"Value\":\"<\",\"Description\":\"Sugars Quantity Per 100g - Prefix - NIP\",\"SortOrder\":645},{\"Id\":908,\"Name\":\"Sugars Quantity Per 100g - SuffixUnits - NIP\",\"Value\":\"g\",\"Description\":\"Sugars Quantity Per 100g - SuffixUnits - NIP\",\"SortOrder\":646},{\"Id\":909,\"Name\":\"Sugars Quantity Per 100g - Total - NIP\",\"Value\":\"<1.0g\",\"Description\":\"Sugars Quantity Per 100g - Total - NIP\",\"SortOrder\":647},{\"Id\":910,\"Name\":\"Sugars Quantity Per 100g - ValueWord - NIP\",\"Value\":\"1.0\",\"Description\":\"Sugars Quantity Per 100g - ValueWord - NIP\",\"SortOrder\":648},{\"Id\":504,\"Name\":\"Sugars Quantity Per Serve - Prefix - NIP\",\"Value\":\"<\",\"Description\":\"Sugars Quantity Per Serve - Prefix - NIP\",\"SortOrder\":649},{\"Id\":911,\"Name\":\"Sugars Quantity Per Serve - SuffixUnits - NIP\",\"Value\":\"g\",\"Description\":\"Sugars Quantity Per Serve - SuffixUnits - NIP\",\"SortOrder\":650},{\"Id\":912,\"Name\":\"Sugars Quantity Per Serve - Total - NIP\",\"Value\":\"<1.0g\",\"Description\":\"Sugars Quantity Per Serve - Total - NIP\",\"SortOrder\":651},{\"Id\":572,\"Name\":\"Sugars Quantity Per Serve - ValueWord - NIP\",\"Value\":\"1.0\",\"Description\":\"Sugars Quantity Per Serve - ValueWord - NIP\",\"SortOrder\":652}]}",
            "storageinstructions": " Keep refrigerated at 1- 4 C",
            "usageinstructions": null,
            "brand": "picasso",
            "manufacturer": null,
            "countryoforigin": null,
            "productheightmm": null,
            "productwidthmm": null,
            "productdepthmm": null,
            "wool_productpackaging": null,
            "recyclableinformation": null,
            "importantinformation": null,
            "allergencontains": "Wheat",
            "allergenmaybepresent": null,
            "allergystatement": "Egg Free",
            "lifestyleanddietarystatement": "Vegan",
            "lifestyleclaim": null,
            "wool_dietaryclaim": null,
            "boxedcontents": null,
            "suitablefor": null,
            "fragrance": null,
            "colour": null,
            "antioxidant": "False",
            "addedvitaminsandminerals": "False",
            "bpafree": "False",
            "sulfatefree": "False",
            "parabenfree": "False",
            "claims": null,
            "alcoholfree": null,
            "anti-dandruff": null,
            "dermatologicallyapproved": null,
            "dermatologistrecommended": null,
            "dermatologisttested": null,
            "fragrance-free": null,
            "haircolour": null,
            "hairtype": null,
            "hypo-allergenic": null,
            "non-comedogenic": null,
            "oilfree": null,
            "ophthalmologistapproved": null,
            "ophthalmologisttested": null,
            "paba-free": null,
            "skincondition": null,
            "skintype": null,
            "soap-free": null,
            "spf": null,
            "sweatresistant": null,
            "timer": null,
            "waterresistant": null,
            "phbalanced": null,
            "antiseptic": "False",
            "antibacterial": "False",
            "activeconstituents": null,
            "contains": null,
            "microwavesafe": "False",
            "productimagecount": "1",
            "friendlydisclaimer": null,
            "productimages": "965942.jpg",
            "healthstarrating": "0",
            "tgawarnings": null,
            "vendorarticleid": null,
            "vendorcostprice": null,
            "tgawarning": null
          },
          "DetailsImagePaths": [
            "https://cdn0.woolworths.media/content/wowproductimages/large/965942.jpg"
          ],
          "Variety": null,
          "Rating": {
            "ReviewCount": 0,
            "RatingCount": 0,
            "RatingSum": 0,
            "OneStarCount": 0,
            "TwoStarCount": 0,
            "ThreeStarCount": 0,
            "FourStarCount": 0,
            "FiveStarCount": 0,
            "Average": 0,
            "OneStarPercentage": 0,
            "TwoStarPercentage": 0,
            "ThreeStarPercentage": 0,
            "FourStarPercentage": 0,
            "FiveStarPercentage": 0
          },
          "HasProductSubs": false,
          "IsSponsoredAd": false,
          "AdID": null,
          "AdIndex": null,
          "ThirdPartyProductInfo": null,
          "MarketFeatures": null,
          "MarketSpecifications": null
        }
      ],
      "Name": "Picasso Pizza Dough Ball"
    },
    {
      "Products": [
        {
          "TileID": 0,
          "Stockcode": 60955,
          "Barcode": "3073781125658",
          "GtinFormat": 13,
          "CupPrice": 50,
          "InstoreCupPrice": 50,
          "CupMeasure": "1KG",
          "CupString": "$50.00 / 1KG",
          "InstoreCupString": "$50.00 / 1KG",
          "HasCupPrice": true,
          "InstoreHasCupPrice": true,
          "Price": 2,
          "InstorePrice": 2,
          "Name": "Laughing Cow Cheese And Crackers",
          "UrlFriendlyName": "laughing-cow-cheese-and-crackers",
          "Description": " Laughing Cow Cheese And<br>Crackers  40g",
          "SmallImageFile": "https://cdn0.woolworths.media/content/wowproductimages/small/060955.jpg",
          "MediumImageFile": "https://cdn0.woolworths.media/content/wowproductimages/medium/060955.jpg",
          "LargeImageFile": "https://cdn0.woolworths.media/content/wowproductimages/large/060955.jpg",
          "IsNew": false,
          "IsOnSpecial": true,
          "InstoreIsOnSpecial": true,
          "IsEdrSpecial": false,
          "SavingsAmount": 0.5,
          "InstoreSavingsAmount": 0.5,
          "WasPrice": 2.5,
          "InstoreWasPrice": 2.5,
          "QuantityInTrolley": 0,
          "Unit": "Each",
          "MinimumQuantity": 1,
          "HasBeenBoughtBefore": false,
          "IsInTrolley": false,
          "Source": "Aisle.DairyEggsFridge",
          "SupplyLimit": 36,
          "IsRanged": false,
          "IsInStock": true,
          "PackageSize": "40g",
          "IsPmDelivery": true,
          "IsForCollection": true,
          "IsForDelivery": true,
          "IsForExpress": false,
          "ProductRestrictionMessage": null,
          "ProductWarningMessage": null,
          "CentreTag": {
            "TagContent": null,
            "TagLink": null,
            "FallbackText": null,
            "TagType": "None",
            "MultibuyData": null
          },
          "IsCentreTag": false,
          "ImageTag": {
            "TagContent": "/content/promotiontags/roundel-special-200x200.png",
            "TagLink": "",
            "FallbackText": "On Special",
            "TagType": "None",
            "MultibuyData": null
          },
          "HeaderTag": {
            "BackgroundColor": "#fd0",
            "BorderColor": "#fd0",
            "TextColor": "#000",
            "Content": "Save $0.50",
            "TagLink": null,
            "Promotion": "Special"
          },
          "HasHeaderTag": true,
          "UnitWeightInGrams": 55,
          "SupplyLimitMessage": "'Laughing Cow Cheese And Crackers' has a supply limit of 36. The quantity in your cart has been reduced accordingly. To purchase a larger quantity, please contact us on 1800 000 610. Please note we do not supply trade orders.",
          "SmallFormatDescription": "Laughing Cow Cheese And Crackers ",
          "FullDescription": "Laughing Cow Cheese And Crackers ",
          "IsAvailable": true,
          "InstoreIsAvailable": true,
          "IsPurchasable": true,
          "InstoreIsPurchasable": true,
          "AgeRestricted": false,
          "DisplayQuantity": 1,
          "RichDescription": null,
          "IsDeliveryPass": false,
          "HideWasSavedPrice": false,
          "SapCategories": null,
          "Brand": "laughing cow",
          "IsRestrictedByDeliveryMethod": false,
          "FooterTag": {
            "TagContent": null,
            "TagLink": null,
            "FallbackText": null,
            "TagType": "None",
            "MultibuyData": null
          },
          "IsFooterEnabled": true,
          "Diagnostics": "1736",
          "IsBundle": false,
          "IsInFamily": false,
          "ChildProducts": [],
          "UrlOverride": null,
          "AdditionalAttributes": {
            "sapdepartmentname": "FRESH CONVENIENCE",
            "sapdepartmentno": "10",
            "sapcategoryname": "CHEESE EVERYDAY",
            "sapcategoryno": "91",
            "sapsubcategoryname": "CHEESE SNACKING",
            "sapsubcategoryno": "381",
            "sapsegmentname": "SNACKING KIDS",
            "sapsegmentno": "2",
            "specialsgroupid": null,
            "PiesProductDepartmentNodeId": "1_6E4F4E4",
            "PiesProductDepartmentsjson": "[{\"Id\":\"1_6E4F4E4\",\"Description\":\"Dairy, Eggs & Fridge\"}]",
            "piesdepartmentnamesjson": "[\"Dairy, Eggs & Fridge\"]",
            "piescategorynamesjson": "[\"Cheese\"]",
            "piessubcategorynamesjson": "[\"Snacking Cheese\"]",
            "servingsize-total-nip": null,
            "servingsperpack-total-nip": null,
            "microwaveable": "False",
            "ovencook": "False",
            "vegetarian": "False",
            "freezable": "False",
            "containsnuts": "False",
            "containsgluten": "False",
            "description": null,
            "ingredients": null,
            "nutritionalinformation": null,
            "storageinstructions": null,
            "usageinstructions": null,
            "brand": "laughing cow",
            "manufacturer": null,
            "countryoforigin": null,
            "productheightmm": null,
            "productwidthmm": null,
            "productdepthmm": null,
            "wool_productpackaging": null,
            "recyclableinformation": null,
            "importantinformation": null,
            "allergencontains": null,
            "allergenmaybepresent": null,
            "allergystatement": null,
            "lifestyleanddietarystatement": null,
            "lifestyleclaim": null,
            "wool_dietaryclaim": null,
            "boxedcontents": null,
            "suitablefor": null,
            "fragrance": null,
            "colour": null,
            "antioxidant": "False",
            "addedvitaminsandminerals": "False",
            "bpafree": "False",
            "sulfatefree": "False",
            "parabenfree": "False",
            "claims": null,
            "alcoholfree": null,
            "anti-dandruff": null,
            "dermatologicallyapproved": null,
            "dermatologistrecommended": null,
            "dermatologisttested": null,
            "fragrance-free": null,
            "haircolour": null,
            "hairtype": null,
            "hypo-allergenic": null,
            "non-comedogenic": null,
            "oilfree": null,
            "ophthalmologistapproved": null,
            "ophthalmologisttested": null,
            "paba-free": null,
            "skincondition": null,
            "skintype": null,
            "soap-free": null,
            "spf": null,
            "sweatresistant": null,
            "timer": null,
            "waterresistant": null,
            "phbalanced": null,
            "antiseptic": "False",
            "antibacterial": "False",
            "activeconstituents": null,
            "contains": null,
            "microwavesafe": "False",
            "productimagecount": "1",
            "friendlydisclaimer": null,
            "productimages": "60955.jpg",
            "healthstarrating": "0",
            "tgawarnings": null,
            "vendorarticleid": null,
            "vendorcostprice": null,
            "tgawarning": null
          },
          "DetailsImagePaths": [
            "https://cdn0.woolworths.media/content/wowproductimages/large/060955.jpg"
          ],
          "Variety": null,
          "Rating": {
            "ReviewCount": 0,
            "RatingCount": 0,
            "RatingSum": 0,
            "OneStarCount": 0,
            "TwoStarCount": 0,
            "ThreeStarCount": 0,
            "FourStarCount": 0,
            "FiveStarCount": 0,
            "Average": 0,
            "OneStarPercentage": 0,
            "TwoStarPercentage": 0,
            "ThreeStarPercentage": 0,
            "FourStarPercentage": 0,
            "FiveStarPercentage": 0
          },
          "HasProductSubs": false,
          "IsSponsoredAd": false,
          "AdID": null,
          "AdIndex": null,
          "ThirdPartyProductInfo": null,
          "MarketFeatures": null,
          "MarketSpecifications": null
        }
      ],
      "Name": "Laughing Cow Cheese And Crackers"
    },
    {
      "Products": [
        {
          "TileID": 0,
          "Stockcode": 109919,
          "Barcode": "9310036071167",
          "GtinFormat": 13,
          "CupPrice": 1.43,
          "InstoreCupPrice": 1.43,
          "CupMeasure": "100G",
          "CupString": "$1.43 / 100G",
          "InstoreCupString": "$1.43 / 100G",
          "HasCupPrice": true,
          "InstoreHasCupPrice": true,
          "Price": 2,
          "InstorePrice": 2,
          "Name": "Pauls Strawberry Custard Pouch",
          "UrlFriendlyName": "pauls-strawberry-custard-pouch",
          "Description": " Pauls Strawberry Custard<br>Pouch  140g",
          "SmallImageFile": "https://cdn0.woolworths.media/content/wowproductimages/small/109919.jpg",
          "MediumImageFile": "https://cdn0.woolworths.media/content/wowproductimages/medium/109919.jpg",
          "LargeImageFile": "https://cdn0.woolworths.media/content/wowproductimages/large/109919.jpg",
          "IsNew": false,
          "IsOnSpecial": false,
          "InstoreIsOnSpecial": false,
          "IsEdrSpecial": false,
          "SavingsAmount": 0,
          "InstoreSavingsAmount": 0,
          "WasPrice": 2,
          "InstoreWasPrice": 2,
          "QuantityInTrolley": 0,
          "Unit": "Each",
          "MinimumQuantity": 1,
          "HasBeenBoughtBefore": false,
          "IsInTrolley": false,
          "Source": "Aisle.DairyEggsFridge",
          "SupplyLimit": 36,
          "IsRanged": false,
          "IsInStock": true,
          "PackageSize": "140g",
          "IsPmDelivery": false,
          "IsForCollection": true,
          "IsForDelivery": true,
          "IsForExpress": false,
          "ProductRestrictionMessage": null,
          "ProductWarningMessage": null,
          "CentreTag": {
            "TagContent": null,
            "TagLink": null,
            "FallbackText": null,
            "TagType": "None",
            "MultibuyData": null
          },
          "IsCentreTag": false,
          "ImageTag": {
            "TagContent": null,
            "TagLink": null,
            "FallbackText": "",
            "TagType": "None",
            "MultibuyData": null
          },
          "HeaderTag": null,
          "HasHeaderTag": false,
          "UnitWeightInGrams": 147,
          "SupplyLimitMessage": "'Pauls Strawberry Custard Pouch' has a supply limit of 36. The quantity in your cart has been reduced accordingly. To purchase a larger quantity, please contact us on 1800 000 610. Please note we do not supply trade orders.",
          "SmallFormatDescription": "Pauls Strawberry Custard Pouch ",
          "FullDescription": "Pauls Strawberry Custard Pouch ",
          "IsAvailable": true,
          "InstoreIsAvailable": true,
          "IsPurchasable": true,
          "InstoreIsPurchasable": true,
          "AgeRestricted": false,
          "DisplayQuantity": 1,
          "RichDescription": "Limited edition Pauls Star Wars Strawberry Custard is gluten-free. Source of calcium with no artificial colours or preservatives. Squeezable with no spoon required. <br> © & TM Lucasfilm Ltd. Disney©. Used under licence by Lactalis Australia Pty Ltd. <br> Source of calcium <br> No artificial colours or preservatives <br> Gluten free <br> Squeezable <br> No spoon required",
          "IsDeliveryPass": false,
          "HideWasSavedPrice": false,
          "SapCategories": null,
          "Brand": "Pauls",
          "IsRestrictedByDeliveryMethod": false,
          "FooterTag": {
            "TagContent": null,
            "TagLink": null,
            "FallbackText": null,
            "TagType": "None",
            "MultibuyData": null
          },
          "IsFooterEnabled": false,
          "Diagnostics": "1737",
          "IsBundle": false,
          "IsInFamily": false,
          "ChildProducts": [],
          "UrlOverride": null,
          "AdditionalAttributes": {
            "sapdepartmentname": "FRESH CONVENIENCE",
            "sapdepartmentno": "10",
            "sapcategoryname": "DAIRY - SNACKS",
            "sapcategoryno": "89",
            "sapsubcategoryname": "DAIRY - SNACKS KIDS",
            "sapsubcategoryno": "885",
            "sapsegmentname": "SINGLE DESSERT",
            "sapsegmentno": "1",
            "specialsgroupid": null,
            "PiesProductDepartmentNodeId": "1_6E4F4E4",
            "PiesProductDepartmentsjson": "[{\"Id\":\"1_6E4F4E4\",\"Description\":\"Dairy, Eggs & Fridge\"}]",
            "piesdepartmentnamesjson": "[\"Dairy, Eggs & Fridge\"]",
            "piescategorynamesjson": "[\"Cream, Custard & Desserts\"]",
            "piessubcategorynamesjson": "[\"Desserts\"]",
            "servingsize-total-nip": null,
            "servingsperpack-total-nip": null,
            "microwaveable": "False",
            "ovencook": "False",
            "vegetarian": "False",
            "freezable": "False",
            "containsnuts": "False",
            "containsgluten": "False",
            "description": "Limited edition Pauls Star Wars Strawberry Custard is gluten-free. Source of calcium with no artificial colours or preservatives. Squeezable with no spoon required. <br> © & TM Lucasfilm Ltd. Disney©. Used under licence by Lactalis Australia Pty Ltd. <br> Source of calcium <br> No artificial colours or preservatives <br> Gluten free <br> Squeezable <br> No spoon required",
            "ingredients": "Milk, Skim Milk, Sugar, Thickener (1442) (from Tapioca), Milk Solids, Stabilisers (452, 407, 415), Flavour, Colour (120).",
            "nutritionalinformation": "{\"Name\":\"Nutritional Information\",\"Attributes\":[{\"Id\":705,\"Name\":\"Carbohydrate Quantity Per 100g - Total - NIP\",\"Value\":\"15.5g\",\"Description\":\"Carbohydrate Quantity Per 100g - Total - NIP\",\"SortOrder\":83},{\"Id\":706,\"Name\":\"Carbohydrate Quantity Per Serve - Total - NIP\",\"Value\":\"10.9g\",\"Description\":\"Carbohydrate Quantity Per Serve - Total - NIP\",\"SortOrder\":87},{\"Id\":759,\"Name\":\"Energy kJ Quantity Per 100g - Total - NIP\",\"Value\":\"386kJ\",\"Description\":\"Energy kJ Quantity Per 100g - Total - NIP\",\"SortOrder\":239},{\"Id\":760,\"Name\":\"Energy kJ Quantity Per Serve - Total - NIP\",\"Value\":\"270kJ\",\"Description\":\"Energy kJ Quantity Per Serve - Total - NIP\",\"SortOrder\":243},{\"Id\":253,\"Name\":\"Fat Saturated Quantity Per 100g - Total - NIP\",\"Value\":\"1.1g\",\"Description\":\"Fat Saturated Quantity Per 100g - Total - NIP\",\"SortOrder\":251},{\"Id\":258,\"Name\":\"Fat Saturated Quantity Per Serve - Total - NIP\",\"Value\":\"0.8g\",\"Description\":\"Fat Saturated Quantity Per Serve - Total - NIP\",\"SortOrder\":255},{\"Id\":764,\"Name\":\"Fat Total Quantity Per 100g - Total - NIP\",\"Value\":\"1.7g\",\"Description\":\"Fat Total Quantity Per 100g - Total - NIP\",\"SortOrder\":263},{\"Id\":264,\"Name\":\"Fat Total Quantity Per Serve - Total - NIP\",\"Value\":\"1.2g\",\"Description\":\"Fat Total Quantity Per Serve - Total - NIP\",\"SortOrder\":267},{\"Id\":878,\"Name\":\"Protein Quantity Per 100g - Total - NIP\",\"Value\":\"3.5g\",\"Description\":\"Protein Quantity Per 100g - Total - NIP\",\"SortOrder\":587},{\"Id\":882,\"Name\":\"Protein Quantity Per Serve - Total - NIP\",\"Value\":\"2.5g\",\"Description\":\"Protein Quantity Per Serve - Total - NIP\",\"SortOrder\":591},{\"Id\":477,\"Name\":\"Serving Size - Total - NIP\",\"Value\":\"70g\",\"Description\":\"Serving Size - Total - NIP\",\"SortOrder\":607},{\"Id\":544,\"Name\":\"Servings Per Pack - Total - NIP\",\"Value\":\"2\",\"Description\":\"Servings Per Pack - Total - NIP\",\"SortOrder\":611},{\"Id\":491,\"Name\":\"Sodium Quantity Per 100g - Total - NIP\",\"Value\":\"71mg\",\"Description\":\"Sodium Quantity Per 100g - Total - NIP\",\"SortOrder\":623},{\"Id\":495,\"Name\":\"Sodium Quantity Per Serve - Total - NIP\",\"Value\":\"50mg\",\"Description\":\"Sodium Quantity Per Serve - Total - NIP\",\"SortOrder\":627},{\"Id\":908,\"Name\":\"Sugars Quantity Per 100g - SuffixUnits - NIP\",\"Value\":\"g\",\"Description\":\"Sugars Quantity Per 100g - SuffixUnits - NIP\",\"SortOrder\":646},{\"Id\":909,\"Name\":\"Sugars Quantity Per 100g - Total - NIP\",\"Value\":\"12.7g\",\"Description\":\"Sugars Quantity Per 100g - Total - NIP\",\"SortOrder\":647},{\"Id\":910,\"Name\":\"Sugars Quantity Per 100g - ValueWord - NIP\",\"Value\":\"12.7\",\"Description\":\"Sugars Quantity Per 100g - ValueWord - NIP\",\"SortOrder\":648},{\"Id\":911,\"Name\":\"Sugars Quantity Per Serve - SuffixUnits - NIP\",\"Value\":\"g\",\"Description\":\"Sugars Quantity Per Serve - SuffixUnits - NIP\",\"SortOrder\":650},{\"Id\":912,\"Name\":\"Sugars Quantity Per Serve - Total - NIP\",\"Value\":\"8.9g\",\"Description\":\"Sugars Quantity Per Serve - Total - NIP\",\"SortOrder\":651},{\"Id\":572,\"Name\":\"Sugars Quantity Per Serve - ValueWord - NIP\",\"Value\":\"8.9\",\"Description\":\"Sugars Quantity Per Serve - ValueWord - NIP\",\"SortOrder\":652}]}",
            "storageinstructions": null,
            "usageinstructions": null,
            "brand": "pauls",
            "manufacturer": null,
            "countryoforigin": null,
            "productheightmm": null,
            "productwidthmm": null,
            "productdepthmm": null,
            "wool_productpackaging": null,
            "recyclableinformation": null,
            "importantinformation": null,
            "allergencontains": "Milk",
            "allergenmaybepresent": null,
            "allergystatement": "Egg Free",
            "lifestyleanddietarystatement": "Low Salt",
            "lifestyleclaim": null,
            "wool_dietaryclaim": null,
            "boxedcontents": null,
            "suitablefor": null,
            "fragrance": null,
            "colour": null,
            "antioxidant": "False",
            "addedvitaminsandminerals": "False",
            "bpafree": "False",
            "sulfatefree": "False",
            "parabenfree": "False",
            "claims": null,
            "alcoholfree": null,
            "anti-dandruff": null,
            "dermatologicallyapproved": null,
            "dermatologistrecommended": null,
            "dermatologisttested": null,
            "fragrance-free": null,
            "haircolour": null,
            "hairtype": null,
            "hypo-allergenic": null,
            "non-comedogenic": null,
            "oilfree": null,
            "ophthalmologistapproved": null,
            "ophthalmologisttested": null,
            "paba-free": null,
            "skincondition": null,
            "skintype": null,
            "soap-free": null,
            "spf": null,
            "sweatresistant": null,
            "timer": null,
            "waterresistant": null,
            "phbalanced": null,
            "antiseptic": "False",
            "antibacterial": "False",
            "activeconstituents": null,
            "contains": null,
            "microwavesafe": "False",
            "productimagecount": "1",
            "friendlydisclaimer": null,
            "productimages": "109919.jpg",
            "healthstarrating": "0",
            "tgawarnings": null,
            "vendorarticleid": null,
            "vendorcostprice": null,
            "tgawarning": null,
            "PiesProductB2bDepartmentNodeId": "14_BADBC9B",
            "PiesProductB2bDepartmentsjson": "[{\"Id\":\"14_BADBC9B\",\"Description\":\"Fridge\"}]",
            "piesb2bdepartmentnamesjson": "[\"Fridge\"]",
            "piesb2bcategorynamesjson": "[\"Cream & Desserts\"]",
            "piesb2bsubcategorynamesjson": "[\"Custard & Other Desserts\"]"
          },
          "DetailsImagePaths": [
            "https://cdn0.woolworths.media/content/wowproductimages/large/109919.jpg"
          ],
          "Variety": "",
          "Rating": null,
          "HasProductSubs": false,
          "IsSponsoredAd": false,
          "AdID": null,
          "AdIndex": null,
          "ThirdPartyProductInfo": null,
          "MarketFeatures": null,
          "MarketSpecifications": null
        }
      ],
      "Name": "Pauls Strawberry Custard Pouch"
    },
    {
      "Products": [
        {
          "TileID": 0,
          "Stockcode": 611783,
          "Barcode": "93205245",
          "GtinFormat": 8,
          "CupPrice": 1.43,
          "InstoreCupPrice": 1.43,
          "CupMeasure": "100G",
          "CupString": "$1.43 / 100G",
          "InstoreCupString": "$1.43 / 100G",
          "HasCupPrice": true,
          "InstoreHasCupPrice": true,
          "Price": 2,
          "InstorePrice": 2,
          "Name": "Chobani Flip Greek Yoghurt Almond Coco Loco",
          "UrlFriendlyName": "chobani-flip-greek-yoghurt-almond-coco-loco",
          "Description": " Chobani Flip Greek Yoghurt<br>Almond Coco Loco 140g",
          "SmallImageFile": "https://cdn0.woolworths.media/content/wowproductimages/small/611783.jpg",
          "MediumImageFile": "https://cdn0.woolworths.media/content/wowproductimages/medium/611783.jpg",
          "LargeImageFile": "https://cdn0.woolworths.media/content/wowproductimages/large/611783.jpg",
          "IsNew": false,
          "IsOnSpecial": true,
          "InstoreIsOnSpecial": true,
          "IsEdrSpecial": false,
          "SavingsAmount": 1,
          "InstoreSavingsAmount": 1,
          "WasPrice": 3,
          "InstoreWasPrice": 3,
          "QuantityInTrolley": 0,
          "Unit": "Each",
          "MinimumQuantity": 1,
          "HasBeenBoughtBefore": false,
          "IsInTrolley": false,
          "Source": "Aisle.DairyEggsFridge",
          "SupplyLimit": 36,
          "IsRanged": false,
          "IsInStock": true,
          "PackageSize": "140g",
          "IsPmDelivery": true,
          "IsForCollection": true,
          "IsForDelivery": true,
          "IsForExpress": false,
          "ProductRestrictionMessage": null,
          "ProductWarningMessage": null,
          "CentreTag": {
            "TagContent": null,
            "TagLink": null,
            "FallbackText": null,
            "TagType": "None",
            "MultibuyData": null
          },
          "IsCentreTag": false,
          "ImageTag": {
            "TagContent": "/content/promotiontags/roundel-special-200x200.png",
            "TagLink": "",
            "FallbackText": "On Special",
            "TagType": "None",
            "MultibuyData": null
          },
          "HeaderTag": {
            "BackgroundColor": "#fd0",
            "BorderColor": "#fd0",
            "TextColor": "#000",
            "Content": "Save $1.00",
            "TagLink": null,
            "Promotion": "Special"
          },
          "HasHeaderTag": true,
          "UnitWeightInGrams": 156,
          "SupplyLimitMessage": "'Chobani Flip Greek Yoghurt Almond Coco Loco' has a supply limit of 36. The quantity in your cart has been reduced accordingly. To purchase a larger quantity, please contact us on 1800 000 610. Please note we do not supply trade orders.",
          "SmallFormatDescription": "Chobani Flip Greek Yoghurt Almond Coco Loco",
          "FullDescription": "Chobani Flip Greek Yoghurt Almond Coco Loco",
          "IsAvailable": true,
          "InstoreIsAvailable": true,
          "IsPurchasable": true,
          "InstoreIsPurchasable": true,
          "AgeRestricted": false,
          "DisplayQuantity": 1,
          "RichDescription": "Coconut low-fat yogurt with honey roasted salted almonds and dark chocolate",
          "IsDeliveryPass": false,
          "HideWasSavedPrice": false,
          "SapCategories": null,
          "Brand": "chobani",
          "IsRestrictedByDeliveryMethod": false,
          "FooterTag": {
            "TagContent": null,
            "TagLink": null,
            "FallbackText": null,
            "TagType": "None",
            "MultibuyData": null
          },
          "IsFooterEnabled": true,
          "Diagnostics": "1738",
          "IsBundle": false,
          "IsInFamily": false,
          "ChildProducts": [],
          "UrlOverride": null,
          "AdditionalAttributes": {
            "sapdepartmentname": "FRESH CONVENIENCE",
            "sapdepartmentno": "10",
            "sapcategoryname": "DAIRY - YOGHURT",
            "sapcategoryno": "94",
            "sapsubcategoryname": "DAIRY - YOGHURT SINGLE SERVE",
            "sapsubcategoryno": "848",
            "sapsegmentname": "MIX INS",
            "sapsegmentno": "4",
            "specialsgroupid": null,
            "PiesProductDepartmentNodeId": "1_6E4F4E4",
            "PiesProductDepartmentsjson": "[{\"Id\":\"1_6E4F4E4\",\"Description\":\"Dairy, Eggs & Fridge\"}]",
            "piesdepartmentnamesjson": "[\"Dairy, Eggs & Fridge\"]",
            "piescategorynamesjson": "[\"Lunch Box\",\"Yoghurt\"]",
            "piessubcategorynamesjson": "[\"Dairy Snacks\",\"Flavoured Yoghurt\"]",
            "servingsize-total-nip": null,
            "servingsperpack-total-nip": null,
            "microwaveable": "False",
            "ovencook": "False",
            "vegetarian": "False",
            "freezable": "False",
            "containsnuts": "False",
            "containsgluten": "False",
            "description": "Coconut low-fat yogurt with honey roasted salted almonds and dark chocolate",
            "ingredients": "Low Fat Yogurt (75%) [Skim Milk, Cream, Live Yogurt Cultures], Coconut Blend (15%) [Water, Sugar, Coconut (10%), Vegetable Gums (Fruit Pectin, Locust Bean Gum), Natural Flavours, Acidity Regulators (Malic Acid, Sodium Citrate)], Honey Roasted Salted Almonds (6%) [Almonds (50%), Sugar, Honey, Salt], Dark Chocolate (4%)",
            "nutritionalinformation": "{\"Name\":\"Nutritional Information\",\"Attributes\":[{\"Id\":705,\"Name\":\"Carbohydrate Quantity Per 100g - Total - NIP\",\"Value\":\"13.9g\",\"Description\":\"Carbohydrate Quantity Per 100g - Total - NIP\",\"SortOrder\":83},{\"Id\":706,\"Name\":\"Carbohydrate Quantity Per Serve - Total - NIP\",\"Value\":\"19.5g\",\"Description\":\"Carbohydrate Quantity Per Serve - Total - NIP\",\"SortOrder\":87},{\"Id\":759,\"Name\":\"Energy kJ Quantity Per 100g - Total - NIP\",\"Value\":\"585kJ\",\"Description\":\"Energy kJ Quantity Per 100g - Total - NIP\",\"SortOrder\":239},{\"Id\":760,\"Name\":\"Energy kJ Quantity Per Serve - Total - NIP\",\"Value\":\"818kJ\",\"Description\":\"Energy kJ Quantity Per Serve - Total - NIP\",\"SortOrder\":243},{\"Id\":253,\"Name\":\"Fat Saturated Quantity Per 100g - Total - NIP\",\"Value\":\"2.9g\",\"Description\":\"Fat Saturated Quantity Per 100g - Total - NIP\",\"SortOrder\":251},{\"Id\":258,\"Name\":\"Fat Saturated Quantity Per Serve - Total - NIP\",\"Value\":\"4.0g\",\"Description\":\"Fat Saturated Quantity Per Serve - Total - NIP\",\"SortOrder\":255},{\"Id\":764,\"Name\":\"Fat Total Quantity Per 100g - Total - NIP\",\"Value\":\"6.2g\",\"Description\":\"Fat Total Quantity Per 100g - Total - NIP\",\"SortOrder\":263},{\"Id\":264,\"Name\":\"Fat Total Quantity Per Serve - Total - NIP\",\"Value\":\"8.7g\",\"Description\":\"Fat Total Quantity Per Serve - Total - NIP\",\"SortOrder\":267},{\"Id\":878,\"Name\":\"Protein Quantity Per 100g - Total - NIP\",\"Value\":\"8.3g\",\"Description\":\"Protein Quantity Per 100g - Total - NIP\",\"SortOrder\":587},{\"Id\":882,\"Name\":\"Protein Quantity Per Serve - Total - NIP\",\"Value\":\"11.6g\",\"Description\":\"Protein Quantity Per Serve - Total - NIP\",\"SortOrder\":591},{\"Id\":477,\"Name\":\"Serving Size - Total - NIP\",\"Value\":\"140g\",\"Description\":\"Serving Size - Total - NIP\",\"SortOrder\":607},{\"Id\":544,\"Name\":\"Servings Per Pack - Total - NIP\",\"Value\":\"1\",\"Description\":\"Servings Per Pack - Total - NIP\",\"SortOrder\":611},{\"Id\":491,\"Name\":\"Sodium Quantity Per 100g - Total - NIP\",\"Value\":\"67mg\",\"Description\":\"Sodium Quantity Per 100g - Total - NIP\",\"SortOrder\":623},{\"Id\":495,\"Name\":\"Sodium Quantity Per Serve - Total - NIP\",\"Value\":\"94mg\",\"Description\":\"Sodium Quantity Per Serve - Total - NIP\",\"SortOrder\":627},{\"Id\":907,\"Name\":\"Sugars Quantity Per 100g - Prefix - NIP\",\"Value\":null,\"Description\":\"Sugars Quantity Per 100g - Prefix - NIP\",\"SortOrder\":645},{\"Id\":908,\"Name\":\"Sugars Quantity Per 100g - SuffixUnits - NIP\",\"Value\":null,\"Description\":\"Sugars Quantity Per 100g - SuffixUnits - NIP\",\"SortOrder\":646},{\"Id\":909,\"Name\":\"Sugars Quantity Per 100g - Total - NIP\",\"Value\":\"11.5g\",\"Description\":\"Sugars Quantity Per 100g - Total - NIP\",\"SortOrder\":647},{\"Id\":910,\"Name\":\"Sugars Quantity Per 100g - ValueWord - NIP\",\"Value\":\"11.5\",\"Description\":\"Sugars Quantity Per 100g - ValueWord - NIP\",\"SortOrder\":648},{\"Id\":504,\"Name\":\"Sugars Quantity Per Serve - Prefix - NIP\",\"Value\":null,\"Description\":\"Sugars Quantity Per Serve - Prefix - NIP\",\"SortOrder\":649},{\"Id\":911,\"Name\":\"Sugars Quantity Per Serve - SuffixUnits - NIP\",\"Value\":null,\"Description\":\"Sugars Quantity Per Serve - SuffixUnits - NIP\",\"SortOrder\":650},{\"Id\":912,\"Name\":\"Sugars Quantity Per Serve - Total - NIP\",\"Value\":\"16.0g\",\"Description\":\"Sugars Quantity Per Serve - Total - NIP\",\"SortOrder\":651},{\"Id\":572,\"Name\":\"Sugars Quantity Per Serve - ValueWord - NIP\",\"Value\":\"16.0\",\"Description\":\"Sugars Quantity Per Serve - ValueWord - NIP\",\"SortOrder\":652}]}",
            "storageinstructions": "Keep Refrigerated",
            "usageinstructions": null,
            "brand": "chobani",
            "manufacturer": null,
            "countryoforigin": null,
            "productheightmm": null,
            "productwidthmm": null,
            "productdepthmm": null,
            "wool_productpackaging": null,
            "recyclableinformation": null,
            "importantinformation": null,
            "allergencontains": "Tree Nuts, Milk, Almonds",
            "allergenmaybepresent": "Peanuts, Egg",
            "allergystatement": "No Artificial Preservatives",
            "lifestyleanddietarystatement": "Source of Protein",
            "lifestyleclaim": null,
            "wool_dietaryclaim": "Free from preservatives. Free from artificial colour. Free from artificial flavour",
            "boxedcontents": null,
            "suitablefor": null,
            "fragrance": null,
            "colour": null,
            "antioxidant": "False",
            "addedvitaminsandminerals": "False",
            "bpafree": "False",
            "sulfatefree": "False",
            "parabenfree": "False",
            "claims": null,
            "alcoholfree": null,
            "anti-dandruff": null,
            "dermatologicallyapproved": null,
            "dermatologistrecommended": null,
            "dermatologisttested": null,
            "fragrance-free": null,
            "haircolour": null,
            "hairtype": null,
            "hypo-allergenic": null,
            "non-comedogenic": null,
            "oilfree": null,
            "ophthalmologistapproved": null,
            "ophthalmologisttested": null,
            "paba-free": null,
            "skincondition": null,
            "skintype": null,
            "soap-free": null,
            "spf": null,
            "sweatresistant": null,
            "timer": null,
            "waterresistant": null,
            "phbalanced": null,
            "antiseptic": "False",
            "antibacterial": "False",
            "activeconstituents": null,
            "contains": null,
            "microwavesafe": "False",
            "productimagecount": "5",
            "friendlydisclaimer": null,
            "productimages": "611783.jpg,611783_1.jpg,611783_3.jpg,611783_5.jpg,611783_6.jpg",
            "healthstarrating": "0",
            "tgawarnings": null,
            "vendorarticleid": null,
            "vendorcostprice": null,
            "tgawarning": null
          },
          "DetailsImagePaths": [
            "https://cdn0.woolworths.media/content/wowproductimages/large/611783.jpg",
            "https://cdn0.woolworths.media/content/wowproductimages/large/611783_1.jpg",
            "https://cdn0.woolworths.media/content/wowproductimages/large/611783_3.jpg",
            "https://cdn0.woolworths.media/content/wowproductimages/large/611783_5.jpg",
            "https://cdn0.woolworths.media/content/wowproductimages/large/611783_6.jpg"
          ],
          "Variety": "almond coco loco",
          "Rating": {
            "ReviewCount": 0,
            "RatingCount": 0,
            "RatingSum": 0,
            "OneStarCount": 0,
            "TwoStarCount": 0,
            "ThreeStarCount": 0,
            "FourStarCount": 0,
            "FiveStarCount": 0,
            "Average": 0,
            "OneStarPercentage": 0,
            "TwoStarPercentage": 0,
            "ThreeStarPercentage": 0,
            "FourStarPercentage": 0,
            "FiveStarPercentage": 0
          },
          "HasProductSubs": false,
          "IsSponsoredAd": false,
          "AdID": null,
          "AdIndex": null,
          "ThirdPartyProductInfo": null,
          "MarketFeatures": null,
          "MarketSpecifications": null
        }
      ],
      "Name": "Chobani Flip Greek Yoghurt Almond Coco Loco"
    },
    {
      "Products": [
        {
          "TileID": 0,
          "Stockcode": 807735,
          "Barcode": "3073781086416",
          "GtinFormat": 13,
          "CupPrice": 50,
          "InstoreCupPrice": 50,
          "CupMeasure": "1KG",
          "CupString": "$50.00 / 1KG",
          "InstoreCupString": "$50.00 / 1KG",
          "HasCupPrice": true,
          "InstoreHasCupPrice": true,
          "Price": 2,
          "InstorePrice": 2,
          "Name": "Babybel Cheese & Mini Crackers",
          "UrlFriendlyName": "babybel-cheese-mini-crackers",
          "Description": " Babybel Cheese & Mini<br>Crackers  40g",
          "SmallImageFile": "https://cdn0.woolworths.media/content/wowproductimages/small/807735.jpg",
          "MediumImageFile": "https://cdn0.woolworths.media/content/wowproductimages/medium/807735.jpg",
          "LargeImageFile": "https://cdn0.woolworths.media/content/wowproductimages/large/807735.jpg",
          "IsNew": false,
          "IsOnSpecial": true,
          "InstoreIsOnSpecial": true,
          "IsEdrSpecial": false,
          "SavingsAmount": 0.5,
          "InstoreSavingsAmount": 0.5,
          "WasPrice": 2.5,
          "InstoreWasPrice": 2.5,
          "QuantityInTrolley": 0,
          "Unit": "Each",
          "MinimumQuantity": 1,
          "HasBeenBoughtBefore": false,
          "IsInTrolley": false,
          "Source": "Aisle.DairyEggsFridge",
          "SupplyLimit": 36,
          "IsRanged": false,
          "IsInStock": true,
          "PackageSize": "40g",
          "IsPmDelivery": true,
          "IsForCollection": true,
          "IsForDelivery": true,
          "IsForExpress": false,
          "ProductRestrictionMessage": null,
          "ProductWarningMessage": null,
          "CentreTag": {
            "TagContent": null,
            "TagLink": null,
            "FallbackText": null,
            "TagType": "None",
            "MultibuyData": null
          },
          "IsCentreTag": false,
          "ImageTag": {
            "TagContent": "/content/promotiontags/roundel-special-200x200.png",
            "TagLink": "",
            "FallbackText": "On Special",
            "TagType": "None",
            "MultibuyData": null
          },
          "HeaderTag": {
            "BackgroundColor": "#fd0",
            "BorderColor": "#fd0",
            "TextColor": "#000",
            "Content": "Save $0.50",
            "TagLink": null,
            "Promotion": "Special"
          },
          "HasHeaderTag": true,
          "UnitWeightInGrams": 55,
          "SupplyLimitMessage": "'Babybel Cheese & Mini Crackers' has a supply limit of 36. The quantity in your cart has been reduced accordingly. To purchase a larger quantity, please contact us on 1800 000 610. Please note we do not supply trade orders.",
          "SmallFormatDescription": "Babybel Cheese & Mini Crackers ",
          "FullDescription": "Babybel Cheese & Mini Crackers ",
          "IsAvailable": true,
          "InstoreIsAvailable": true,
          "IsPurchasable": true,
          "InstoreIsPurchasable": true,
          "AgeRestricted": false,
          "DisplayQuantity": 1,
          "RichDescription": null,
          "IsDeliveryPass": false,
          "HideWasSavedPrice": false,
          "SapCategories": null,
          "Brand": "babybel",
          "IsRestrictedByDeliveryMethod": false,
          "FooterTag": {
            "TagContent": null,
            "TagLink": null,
            "FallbackText": null,
            "TagType": "None",
            "MultibuyData": null
          },
          "IsFooterEnabled": true,
          "Diagnostics": "1739",
          "IsBundle": false,
          "IsInFamily": false,
          "ChildProducts": [],
          "UrlOverride": null,
          "AdditionalAttributes": {
            "sapdepartmentname": "FRESH CONVENIENCE",
            "sapdepartmentno": "10",
            "sapcategoryname": "CHEESE EVERYDAY",
            "sapcategoryno": "91",
            "sapsubcategoryname": "CHEESE SNACKING",
            "sapsubcategoryno": "381",
            "sapsegmentname": "SNACKING KIDS",
            "sapsegmentno": "2",
            "specialsgroupid": null,
            "PiesProductDepartmentNodeId": "1_6E4F4E4",
            "PiesProductDepartmentsjson": "[{\"Id\":\"1_6E4F4E4\",\"Description\":\"Dairy, Eggs & Fridge\"}]",
            "piesdepartmentnamesjson": "[\"Dairy, Eggs & Fridge\"]",
            "piescategorynamesjson": "[\"Cheese\"]",
            "piessubcategorynamesjson": "[\"Snacking Cheese\"]",
            "servingsize-total-nip": null,
            "servingsperpack-total-nip": null,
            "microwaveable": "False",
            "ovencook": "False",
            "vegetarian": "False",
            "freezable": "False",
            "containsnuts": "False",
            "containsgluten": "False",
            "description": null,
            "ingredients": null,
            "nutritionalinformation": null,
            "storageinstructions": null,
            "usageinstructions": null,
            "brand": "babybel",
            "manufacturer": null,
            "countryoforigin": null,
            "productheightmm": null,
            "productwidthmm": null,
            "productdepthmm": null,
            "wool_productpackaging": null,
            "recyclableinformation": null,
            "importantinformation": null,
            "allergencontains": null,
            "allergenmaybepresent": null,
            "allergystatement": null,
            "lifestyleanddietarystatement": null,
            "lifestyleclaim": null,
            "wool_dietaryclaim": null,
            "boxedcontents": null,
            "suitablefor": null,
            "fragrance": null,
            "colour": null,
            "antioxidant": "False",
            "addedvitaminsandminerals": "False",
            "bpafree": "False",
            "sulfatefree": "False",
            "parabenfree": "False",
            "claims": null,
            "alcoholfree": null,
            "anti-dandruff": null,
            "dermatologicallyapproved": null,
            "dermatologistrecommended": null,
            "dermatologisttested": null,
            "fragrance-free": null,
            "haircolour": null,
            "hairtype": null,
            "hypo-allergenic": null,
            "non-comedogenic": null,
            "oilfree": null,
            "ophthalmologistapproved": null,
            "ophthalmologisttested": null,
            "paba-free": null,
            "skincondition": null,
            "skintype": null,
            "soap-free": null,
            "spf": null,
            "sweatresistant": null,
            "timer": null,
            "waterresistant": null,
            "phbalanced": null,
            "antiseptic": "False",
            "antibacterial": "False",
            "activeconstituents": null,
            "contains": null,
            "microwavesafe": "False",
            "productimagecount": "2",
            "friendlydisclaimer": null,
            "productimages": "807735.jpg,807735_1.jpg",
            "healthstarrating": "0",
            "tgawarnings": null,
            "vendorarticleid": null,
            "vendorcostprice": null,
            "tgawarning": null
          },
          "DetailsImagePaths": [
            "https://cdn0.woolworths.media/content/wowproductimages/large/807735.jpg",
            "https://cdn0.woolworths.media/content/wowproductimages/large/807735_1.jpg"
          ],
          "Variety": "",
          "Rating": {
            "ReviewCount": 0,
            "RatingCount": 0,
            "RatingSum": 0,
            "OneStarCount": 0,
            "TwoStarCount": 0,
            "ThreeStarCount": 0,
            "FourStarCount": 0,
            "FiveStarCount": 0,
            "Average": 0,
            "OneStarPercentage": 0,
            "TwoStarPercentage": 0,
            "ThreeStarPercentage": 0,
            "FourStarPercentage": 0,
            "FiveStarPercentage": 0
          },
          "HasProductSubs": false,
          "IsSponsoredAd": false,
          "AdID": null,
          "AdIndex": null,
          "ThirdPartyProductInfo": null,
          "MarketFeatures": null,
          "MarketSpecifications": null
        }
      ],
      "Name": "Babybel Cheese & Mini Crackers"
    },
    {
      "Products": [
        {
          "TileID": 0,
          "Stockcode": 126973,
          "Barcode": "9340955000832",
          "GtinFormat": 13,
          "CupPrice": 0.57,
          "InstoreCupPrice": 0.57,
          "CupMeasure": "100G",
          "CupString": "$0.57 / 100G",
          "InstoreCupString": "$0.57 / 100G",
          "HasCupPrice": true,
          "InstoreHasCupPrice": true,
          "Price": 2,
          "InstorePrice": 2,
          "Name": "Evia Apple Pie Inspired Dessert Yoghurt",
          "UrlFriendlyName": "evia-apple-pie-inspired-dessert-yoghurt",
          "Description": " Evia Apple Pie Inspired<br>Dessert Yoghurt 350g",
          "SmallImageFile": "https://cdn0.woolworths.media/content/wowproductimages/small/126973.jpg",
          "MediumImageFile": "https://cdn0.woolworths.media/content/wowproductimages/medium/126973.jpg",
          "LargeImageFile": "https://cdn0.woolworths.media/content/wowproductimages/large/126973.jpg",
          "IsNew": false,
          "IsOnSpecial": true,
          "InstoreIsOnSpecial": true,
          "IsEdrSpecial": false,
          "SavingsAmount": 1.5,
          "InstoreSavingsAmount": 1.5,
          "WasPrice": 3.5,
          "InstoreWasPrice": 3.5,
          "QuantityInTrolley": 0,
          "Unit": "Each",
          "MinimumQuantity": 1,
          "HasBeenBoughtBefore": false,
          "IsInTrolley": false,
          "Source": "Aisle.DairyEggsFridge",
          "SupplyLimit": 36,
          "IsRanged": false,
          "IsInStock": true,
          "PackageSize": "350g",
          "IsPmDelivery": false,
          "IsForCollection": true,
          "IsForDelivery": true,
          "IsForExpress": false,
          "ProductRestrictionMessage": null,
          "ProductWarningMessage": null,
          "CentreTag": {
            "TagContent": null,
            "TagLink": null,
            "FallbackText": null,
            "TagType": "None",
            "MultibuyData": null
          },
          "IsCentreTag": false,
          "ImageTag": {
            "TagContent": "/content/promotiontags/roundel-special-200x200.png",
            "TagLink": "",
            "FallbackText": "On Special",
            "TagType": "None",
            "MultibuyData": null
          },
          "HeaderTag": {
            "BackgroundColor": "#fd0",
            "BorderColor": "#fd0",
            "TextColor": "#000",
            "Content": "Save $1.50",
            "TagLink": null,
            "Promotion": "Special"
          },
          "HasHeaderTag": true,
          "UnitWeightInGrams": 367,
          "SupplyLimitMessage": "'Evia Apple Pie Inspired Dessert Yoghurt' has a supply limit of 36. The quantity in your cart has been reduced accordingly. To purchase a larger quantity, please contact us on 1800 000 610. Please note we do not supply trade orders.",
          "SmallFormatDescription": "Evia Apple Pie Inspired Dessert Yoghurt",
          "FullDescription": "Evia Apple Pie Inspired Dessert Yoghurt",
          "IsAvailable": true,
          "InstoreIsAvailable": true,
          "IsPurchasable": true,
          "InstoreIsPurchasable": true,
          "AgeRestricted": false,
          "DisplayQuantity": 1,
          "RichDescription": "<p>Inspired by Yiayia's scrumptious Apple Pie, we bring you a classic taste in a new style!We've blended our delicious creamy yoghurt with real juicy apple pieces and cinnamon spice to create this tub of divine perfection! Enjoy at anytime of day. Proudly made with our best Aussie milk and cream.</p>",
          "IsDeliveryPass": false,
          "HideWasSavedPrice": false,
          "SapCategories": null,
          "Brand": "evia",
          "IsRestrictedByDeliveryMethod": false,
          "FooterTag": {
            "TagContent": null,
            "TagLink": null,
            "FallbackText": null,
            "TagType": "None",
            "MultibuyData": null
          },
          "IsFooterEnabled": false,
          "Diagnostics": "1740",
          "IsBundle": false,
          "IsInFamily": false,
          "ChildProducts": [],
          "UrlOverride": null,
          "AdditionalAttributes": {
            "sapdepartmentname": "FRESH CONVENIENCE",
            "sapdepartmentno": "10",
            "sapcategoryname": "DAIRY - YOGHURT",
            "sapcategoryno": "94",
            "sapsubcategoryname": "DAIRY - YOGHURT MULTI SERVE",
            "sapsubcategoryno": "877",
            "sapsegmentname": "INDULGENT MULTIPACK",
            "sapsegmentno": "5",
            "specialsgroupid": null,
            "PiesProductDepartmentNodeId": "1_6E4F4E4",
            "PiesProductDepartmentsjson": "[{\"Id\":\"1_6E4F4E4\",\"Description\":\"Dairy, Eggs & Fridge\"}]",
            "piesdepartmentnamesjson": "[\"Dairy, Eggs & Fridge\"]",
            "piescategorynamesjson": "[\"Yoghurt\"]",
            "piessubcategorynamesjson": "[\"Flavoured Yoghurt\"]",
            "servingsize-total-nip": null,
            "servingsperpack-total-nip": null,
            "microwaveable": "False",
            "ovencook": "False",
            "vegetarian": "False",
            "freezable": "False",
            "containsnuts": "False",
            "containsgluten": "False",
            "description": "<p>Inspired by Yiayia's scrumptious Apple Pie, we bring you a classic taste in a new style!We've blended our delicious creamy yoghurt with real juicy apple pieces and cinnamon spice to create this tub of divine perfection! Enjoy at anytime of day. Proudly made with our best Aussie milk and cream.</p>",
            "ingredients": "Yoghurt [Milk, Sugar, Cream, Milk Solids, Pectin, Active Cultures], Spiced Apple Preparation [Diced Apple (5.25%), Sugar, Water, Apple Puree (0.2%), Rice Starch, Acidity Regulators (330, 331), Natural Flavours, Stabiliser (Pectin), Spices (0.04%), Mineral Salt (509)]",
            "nutritionalinformation": "{\"Name\":\"Nutritional Information\",\"Attributes\":[{\"Id\":705,\"Name\":\"Carbohydrate Quantity Per 100g - Total - NIP\",\"Value\":\"Approx.16.7g\",\"Description\":\"Carbohydrate Quantity Per 100g - Total - NIP\",\"SortOrder\":83},{\"Id\":706,\"Name\":\"Carbohydrate Quantity Per Serve - Total - NIP\",\"Value\":\"Approx.29.2g\",\"Description\":\"Carbohydrate Quantity Per Serve - Total - NIP\",\"SortOrder\":87},{\"Id\":759,\"Name\":\"Energy kJ Quantity Per 100g - Total - NIP\",\"Value\":\"Approx.552kJ\",\"Description\":\"Energy kJ Quantity Per 100g - Total - NIP\",\"SortOrder\":239},{\"Id\":760,\"Name\":\"Energy kJ Quantity Per Serve - Total - NIP\",\"Value\":\"Approx.965kJ\",\"Description\":\"Energy kJ Quantity Per Serve - Total - NIP\",\"SortOrder\":243},{\"Id\":253,\"Name\":\"Fat Saturated Quantity Per 100g - Total - NIP\",\"Value\":\"Approx.3.8g\",\"Description\":\"Fat Saturated Quantity Per 100g - Total - NIP\",\"SortOrder\":251},{\"Id\":258,\"Name\":\"Fat Saturated Quantity Per Serve - Total - NIP\",\"Value\":\"Approx.6.7g\",\"Description\":\"Fat Saturated Quantity Per Serve - Total - NIP\",\"SortOrder\":255},{\"Id\":764,\"Name\":\"Fat Total Quantity Per 100g - Total - NIP\",\"Value\":\"Approx.5.5g\",\"Description\":\"Fat Total Quantity Per 100g - Total - NIP\",\"SortOrder\":263},{\"Id\":264,\"Name\":\"Fat Total Quantity Per Serve - Total - NIP\",\"Value\":\"Approx.9.7g\",\"Description\":\"Fat Total Quantity Per Serve - Total - NIP\",\"SortOrder\":267},{\"Id\":878,\"Name\":\"Protein Quantity Per 100g - Total - NIP\",\"Value\":\"Approx.3.6g\",\"Description\":\"Protein Quantity Per 100g - Total - NIP\",\"SortOrder\":587},{\"Id\":882,\"Name\":\"Protein Quantity Per Serve - Total - NIP\",\"Value\":\"Approx.6.3g\",\"Description\":\"Protein Quantity Per Serve - Total - NIP\",\"SortOrder\":591},{\"Id\":477,\"Name\":\"Serving Size - Total - NIP\",\"Value\":\"175g\",\"Description\":\"Serving Size - Total - NIP\",\"SortOrder\":607},{\"Id\":491,\"Name\":\"Sodium Quantity Per 100g - Total - NIP\",\"Value\":\"Approx.45mg\",\"Description\":\"Sodium Quantity Per 100g - Total - NIP\",\"SortOrder\":623},{\"Id\":495,\"Name\":\"Sodium Quantity Per Serve - Total - NIP\",\"Value\":\"Approx.79mg\",\"Description\":\"Sodium Quantity Per Serve - Total - NIP\",\"SortOrder\":627},{\"Id\":907,\"Name\":\"Sugars Quantity Per 100g - Prefix - NIP\",\"Value\":\"Approx.\",\"Description\":\"Sugars Quantity Per 100g - Prefix - NIP\",\"SortOrder\":645},{\"Id\":908,\"Name\":\"Sugars Quantity Per 100g - SuffixUnits - NIP\",\"Value\":\"g\",\"Description\":\"Sugars Quantity Per 100g - SuffixUnits - NIP\",\"SortOrder\":646},{\"Id\":909,\"Name\":\"Sugars Quantity Per 100g - Total - NIP\",\"Value\":\"Approx.14.3g\",\"Description\":\"Sugars Quantity Per 100g - Total - NIP\",\"SortOrder\":647},{\"Id\":910,\"Name\":\"Sugars Quantity Per 100g - ValueWord - NIP\",\"Value\":\"14.3\",\"Description\":\"Sugars Quantity Per 100g - ValueWord - NIP\",\"SortOrder\":648},{\"Id\":504,\"Name\":\"Sugars Quantity Per Serve - Prefix - NIP\",\"Value\":\"Approx.\",\"Description\":\"Sugars Quantity Per Serve - Prefix - NIP\",\"SortOrder\":649},{\"Id\":911,\"Name\":\"Sugars Quantity Per Serve - SuffixUnits - NIP\",\"Value\":\"g\",\"Description\":\"Sugars Quantity Per Serve - SuffixUnits - NIP\",\"SortOrder\":650},{\"Id\":912,\"Name\":\"Sugars Quantity Per Serve - Total - NIP\",\"Value\":\"Approx.25g\",\"Description\":\"Sugars Quantity Per Serve - Total - NIP\",\"SortOrder\":651},{\"Id\":572,\"Name\":\"Sugars Quantity Per Serve - ValueWord - NIP\",\"Value\":\"25\",\"Description\":\"Sugars Quantity Per Serve - ValueWord - NIP\",\"SortOrder\":652}]}",
            "storageinstructions": null,
            "usageinstructions": null,
            "brand": "evia",
            "manufacturer": null,
            "countryoforigin": null,
            "productheightmm": null,
            "productwidthmm": null,
            "productdepthmm": null,
            "wool_productpackaging": null,
            "recyclableinformation": null,
            "importantinformation": null,
            "allergencontains": "Milk",
            "allergenmaybepresent": null,
            "allergystatement": "Wheat Free",
            "lifestyleanddietarystatement": "Low Salt",
            "lifestyleclaim": null,
            "wool_dietaryclaim": null,
            "boxedcontents": null,
            "suitablefor": null,
            "fragrance": null,
            "colour": null,
            "antioxidant": "False",
            "addedvitaminsandminerals": "False",
            "bpafree": "False",
            "sulfatefree": "False",
            "parabenfree": "False",
            "claims": null,
            "alcoholfree": null,
            "anti-dandruff": null,
            "dermatologicallyapproved": null,
            "dermatologistrecommended": null,
            "dermatologisttested": null,
            "fragrance-free": null,
            "haircolour": null,
            "hairtype": null,
            "hypo-allergenic": null,
            "non-comedogenic": null,
            "oilfree": null,
            "ophthalmologistapproved": null,
            "ophthalmologisttested": null,
            "paba-free": null,
            "skincondition": null,
            "skintype": null,
            "soap-free": null,
            "spf": null,
            "sweatresistant": null,
            "timer": null,
            "waterresistant": null,
            "phbalanced": null,
            "antiseptic": "False",
            "antibacterial": "False",
            "activeconstituents": null,
            "contains": null,
            "microwavesafe": "False",
            "productimagecount": "4",
            "friendlydisclaimer": null,
            "productimages": "126973.jpg,126973_1.jpg,126973_3.jpg,126973_4.jpg",
            "healthstarrating": "1.5",
            "tgawarnings": null,
            "vendorarticleid": null,
            "vendorcostprice": null,
            "tgawarning": null
          },
          "DetailsImagePaths": [
            "https://cdn0.woolworths.media/content/wowproductimages/large/126973.jpg",
            "https://cdn0.woolworths.media/content/wowproductimages/large/126973_1.jpg",
            "https://cdn0.woolworths.media/content/wowproductimages/large/126973_3.jpg",
            "https://cdn0.woolworths.media/content/wowproductimages/large/126973_4.jpg"
          ],
          "Variety": "yoghurt",
          "Rating": {
            "ReviewCount": 0,
            "RatingCount": 0,
            "RatingSum": 0,
            "OneStarCount": 0,
            "TwoStarCount": 0,
            "ThreeStarCount": 0,
            "FourStarCount": 0,
            "FiveStarCount": 0,
            "Average": 0,
            "OneStarPercentage": 0,
            "TwoStarPercentage": 0,
            "ThreeStarPercentage": 0,
            "FourStarPercentage": 0,
            "FiveStarPercentage": 0
          },
          "HasProductSubs": false,
          "IsSponsoredAd": false,
          "AdID": null,
          "AdIndex": null,
          "ThirdPartyProductInfo": null,
          "MarketFeatures": null,
          "MarketSpecifications": null
        }
      ],
      "Name": "Evia Apple Pie Inspired Dessert Yoghurt"
    },
    {
      "Products": [
        {
          "TileID": 0,
          "Stockcode": 48007,
          "Barcode": "93101028",
          "GtinFormat": 8,
          "CupPrice": 0.78,
          "InstoreCupPrice": 0.78,
          "CupMeasure": "100G",
          "CupString": "$0.78 / 100G",
          "InstoreCupString": "$0.78 / 100G",
          "HasCupPrice": true,
          "InstoreHasCupPrice": true,
          "Price": 1.95,
          "InstorePrice": 1.95,
          "Name": "Fairy Cooking Margarine",
          "UrlFriendlyName": "fairy-cooking-margarine",
          "Description": " Fairy Cooking Margarine 250g",
          "SmallImageFile": "https://cdn0.woolworths.media/content/wowproductimages/small/048007.jpg",
          "MediumImageFile": "https://cdn0.woolworths.media/content/wowproductimages/medium/048007.jpg",
          "LargeImageFile": "https://cdn0.woolworths.media/content/wowproductimages/large/048007.jpg",
          "IsNew": false,
          "IsOnSpecial": false,
          "InstoreIsOnSpecial": false,
          "IsEdrSpecial": false,
          "SavingsAmount": 0,
          "InstoreSavingsAmount": 0,
          "WasPrice": 1.95,
          "InstoreWasPrice": 1.95,
          "QuantityInTrolley": 0,
          "Unit": "Each",
          "MinimumQuantity": 1,
          "HasBeenBoughtBefore": false,
          "IsInTrolley": false,
          "Source": "Aisle.DairyEggsFridge",
          "SupplyLimit": 36,
          "IsRanged": false,
          "IsInStock": true,
          "PackageSize": "250g",
          "IsPmDelivery": true,
          "IsForCollection": true,
          "IsForDelivery": true,
          "IsForExpress": false,
          "ProductRestrictionMessage": null,
          "ProductWarningMessage": null,
          "CentreTag": {
            "TagContent": null,
            "TagLink": null,
            "FallbackText": null,
            "TagType": "None",
            "MultibuyData": null
          },
          "IsCentreTag": false,
          "ImageTag": {
            "TagContent": null,
            "TagLink": null,
            "FallbackText": "",
            "TagType": "None",
            "MultibuyData": null
          },
          "HeaderTag": null,
          "HasHeaderTag": false,
          "UnitWeightInGrams": 254,
          "SupplyLimitMessage": "'Fairy Cooking Margarine' has a supply limit of 36. The quantity in your cart has been reduced accordingly. To purchase a larger quantity, please contact us on 1800 000 610. Please note we do not supply trade orders.",
          "SmallFormatDescription": "Fairy Cooking Margarine",
          "FullDescription": "Fairy Cooking Margarine",
          "IsAvailable": true,
          "InstoreIsAvailable": true,
          "IsPurchasable": true,
          "InstoreIsPurchasable": true,
          "AgeRestricted": false,
          "DisplayQuantity": 1,
          "RichDescription": "<div>Fairy margarine has been used in Australia by home bakers since the 1930s and its special blend of animal fats produces outstanding baking results. From birthday parties to baking at home with family, Fairy margarine has always been associated with sweet childhood memories. Sweet recipes such as delicious rich chocolate cakes, and choc mint brownies or savoury recipes such as cheese and bacon pull-apart loaf or quiche Lorraine, Fairy recipes make the perfect entertaining fare</div>",
          "IsDeliveryPass": false,
          "HideWasSavedPrice": false,
          "SapCategories": null,
          "Brand": "fairy",
          "IsRestrictedByDeliveryMethod": false,
          "FooterTag": {
            "TagContent": null,
            "TagLink": null,
            "FallbackText": null,
            "TagType": "None",
            "MultibuyData": null
          },
          "IsFooterEnabled": true,
          "Diagnostics": "1741",
          "IsBundle": false,
          "IsInFamily": false,
          "ChildProducts": [],
          "UrlOverride": null,
          "AdditionalAttributes": {
            "sapdepartmentname": "FRESH CONVENIENCE",
            "sapdepartmentno": "10",
            "sapcategoryname": "DAIRY - BUTTER & MARGARINE",
            "sapcategoryno": "90",
            "sapsubcategoryname": "DAIRY - BUTTER & MARGARINE",
            "sapsubcategoryno": "892",
            "sapsegmentname": "COOKING",
            "sapsegmentno": "17",
            "specialsgroupid": null,
            "PiesProductDepartmentNodeId": "1_6E4F4E4",
            "PiesProductDepartmentsjson": "[{\"Id\":\"1_6E4F4E4\",\"Description\":\"Dairy, Eggs & Fridge\"}]",
            "piesdepartmentnamesjson": "[\"Dairy, Eggs & Fridge\"]",
            "piescategorynamesjson": "[\"Eggs, Butter & Margarine\"]",
            "piessubcategorynamesjson": "[\"Butter & Margarine\"]",
            "servingsize-total-nip": null,
            "servingsperpack-total-nip": null,
            "microwaveable": "False",
            "ovencook": "False",
            "vegetarian": "False",
            "freezable": "False",
            "containsnuts": "False",
            "containsgluten": "False",
            "description": "<div>Fairy margarine has been used in Australia by home bakers since the 1930s and its special blend of animal fats produces outstanding baking results. From birthday parties to baking at home with family, Fairy margarine has always been associated with sweet childhood memories. Sweet recipes such as delicious rich chocolate cakes, and choc mint brownies or savoury recipes such as cheese and bacon pull-apart loaf or quiche Lorraine, Fairy recipes make the perfect entertaining fare</div>",
            "ingredients": "Animal Fats, Water, Salt, Emulsifiers (322 from Soybean, 471), Milk Solids, Acidity Regulators (331, 330), Antioxidant (307b), Colours (160b, 100), Vitamin A and D, Flavour",
            "nutritionalinformation": "{\"Name\":\"Nutritional Information\",\"Attributes\":[{\"Id\":705,\"Name\":\"Carbohydrate Quantity Per 100g - Total - NIP\",\"Value\":\"<1g\",\"Description\":\"Carbohydrate Quantity Per 100g - Total - NIP\",\"SortOrder\":83},{\"Id\":706,\"Name\":\"Carbohydrate Quantity Per Serve - Total - NIP\",\"Value\":\"<1g\",\"Description\":\"Carbohydrate Quantity Per Serve - Total - NIP\",\"SortOrder\":87},{\"Id\":759,\"Name\":\"Energy kJ Quantity Per 100g - Total - NIP\",\"Value\":\"Approx.3040kJ\",\"Description\":\"Energy kJ Quantity Per 100g - Total - NIP\",\"SortOrder\":239},{\"Id\":760,\"Name\":\"Energy kJ Quantity Per Serve - Total - NIP\",\"Value\":\"Approx.304kJ\",\"Description\":\"Energy kJ Quantity Per Serve - Total - NIP\",\"SortOrder\":243},{\"Id\":253,\"Name\":\"Fat Saturated Quantity Per 100g - Total - NIP\",\"Value\":\"Approx.37.4g\",\"Description\":\"Fat Saturated Quantity Per 100g - Total - NIP\",\"SortOrder\":251},{\"Id\":258,\"Name\":\"Fat Saturated Quantity Per Serve - Total - NIP\",\"Value\":\"Approx.3.7g\",\"Description\":\"Fat Saturated Quantity Per Serve - Total - NIP\",\"SortOrder\":255},{\"Id\":764,\"Name\":\"Fat Total Quantity Per 100g - Total - NIP\",\"Value\":\"Approx.81.7g\",\"Description\":\"Fat Total Quantity Per 100g - Total - NIP\",\"SortOrder\":263},{\"Id\":264,\"Name\":\"Fat Total Quantity Per Serve - Total - NIP\",\"Value\":\"Approx.8.2g\",\"Description\":\"Fat Total Quantity Per Serve - Total - NIP\",\"SortOrder\":267},{\"Id\":878,\"Name\":\"Protein Quantity Per 100g - Total - NIP\",\"Value\":\"<1g\",\"Description\":\"Protein Quantity Per 100g - Total - NIP\",\"SortOrder\":587},{\"Id\":882,\"Name\":\"Protein Quantity Per Serve - Total - NIP\",\"Value\":\"<1g\",\"Description\":\"Protein Quantity Per Serve - Total - NIP\",\"SortOrder\":591},{\"Id\":477,\"Name\":\"Serving Size - Total - NIP\",\"Value\":\"10g\",\"Description\":\"Serving Size - Total - NIP\",\"SortOrder\":607},{\"Id\":544,\"Name\":\"Servings Per Pack - Total - NIP\",\"Value\":\"25\",\"Description\":\"Servings Per Pack - Total - NIP\",\"SortOrder\":611},{\"Id\":491,\"Name\":\"Sodium Quantity Per 100g - Total - NIP\",\"Value\":\"Approx.1300mg\",\"Description\":\"Sodium Quantity Per 100g - Total - NIP\",\"SortOrder\":623},{\"Id\":495,\"Name\":\"Sodium Quantity Per Serve - Total - NIP\",\"Value\":\"Approx.130mg\",\"Description\":\"Sodium Quantity Per Serve - Total - NIP\",\"SortOrder\":627},{\"Id\":907,\"Name\":\"Sugars Quantity Per 100g - Prefix - NIP\",\"Value\":\"<\",\"Description\":\"Sugars Quantity Per 100g - Prefix - NIP\",\"SortOrder\":645},{\"Id\":908,\"Name\":\"Sugars Quantity Per 100g - SuffixUnits - NIP\",\"Value\":\"g\",\"Description\":\"Sugars Quantity Per 100g - SuffixUnits - NIP\",\"SortOrder\":646},{\"Id\":909,\"Name\":\"Sugars Quantity Per 100g - Total - NIP\",\"Value\":\"<1g\",\"Description\":\"Sugars Quantity Per 100g - Total - NIP\",\"SortOrder\":647},{\"Id\":910,\"Name\":\"Sugars Quantity Per 100g - ValueWord - NIP\",\"Value\":\"1\",\"Description\":\"Sugars Quantity Per 100g - ValueWord - NIP\",\"SortOrder\":648},{\"Id\":504,\"Name\":\"Sugars Quantity Per Serve - Prefix - NIP\",\"Value\":\"<\",\"Description\":\"Sugars Quantity Per Serve - Prefix - NIP\",\"SortOrder\":649},{\"Id\":911,\"Name\":\"Sugars Quantity Per Serve - SuffixUnits - NIP\",\"Value\":\"g\",\"Description\":\"Sugars Quantity Per Serve - SuffixUnits - NIP\",\"SortOrder\":650},{\"Id\":912,\"Name\":\"Sugars Quantity Per Serve - Total - NIP\",\"Value\":\"<1g\",\"Description\":\"Sugars Quantity Per Serve - Total - NIP\",\"SortOrder\":651},{\"Id\":572,\"Name\":\"Sugars Quantity Per Serve - ValueWord - NIP\",\"Value\":\"1\",\"Description\":\"Sugars Quantity Per Serve - ValueWord - NIP\",\"SortOrder\":652}]}",
            "storageinstructions": "Keep Refrigerated",
            "usageinstructions": null,
            "brand": "fairy",
            "manufacturer": null,
            "countryoforigin": null,
            "productheightmm": null,
            "productwidthmm": null,
            "productdepthmm": null,
            "wool_productpackaging": null,
            "recyclableinformation": null,
            "importantinformation": null,
            "allergencontains": "Soy, Milk",
            "allergenmaybepresent": null,
            "allergystatement": "Egg Free",
            "lifestyleanddietarystatement": "Low Sugar",
            "lifestyleclaim": null,
            "wool_dietaryclaim": null,
            "boxedcontents": null,
            "suitablefor": null,
            "fragrance": null,
            "colour": null,
            "antioxidant": "False",
            "addedvitaminsandminerals": "False",
            "bpafree": "False",
            "sulfatefree": "False",
            "parabenfree": "False",
            "claims": null,
            "alcoholfree": null,
            "anti-dandruff": null,
            "dermatologicallyapproved": null,
            "dermatologistrecommended": null,
            "dermatologisttested": null,
            "fragrance-free": null,
            "haircolour": null,
            "hairtype": null,
            "hypo-allergenic": null,
            "non-comedogenic": null,
            "oilfree": null,
            "ophthalmologistapproved": null,
            "ophthalmologisttested": null,
            "paba-free": null,
            "skincondition": null,
            "skintype": null,
            "soap-free": null,
            "spf": null,
            "sweatresistant": null,
            "timer": null,
            "waterresistant": null,
            "phbalanced": null,
            "antiseptic": "False",
            "antibacterial": "False",
            "activeconstituents": null,
            "contains": null,
            "microwavesafe": "False",
            "productimagecount": "6",
            "friendlydisclaimer": null,
            "productimages": "48007.jpg,48007_1.jpg,48007_2.jpg,48007_3.jpg,48007_5.jpg,48007_6.jpg",
            "healthstarrating": "0",
            "tgawarnings": null,
            "vendorarticleid": null,
            "vendorcostprice": null,
            "tgawarning": null
          },
          "DetailsImagePaths": [
            "https://cdn0.woolworths.media/content/wowproductimages/large/048007.jpg",
            "https://cdn0.woolworths.media/content/wowproductimages/large/048007_1.jpg",
            "https://cdn0.woolworths.media/content/wowproductimages/large/048007_2.jpg",
            "https://cdn0.woolworths.media/content/wowproductimages/large/048007_3.jpg",
            "https://cdn0.woolworths.media/content/wowproductimages/large/048007_5.jpg",
            "https://cdn0.woolworths.media/content/wowproductimages/large/048007_6.jpg"
          ],
          "Variety": "margarine",
          "Rating": {
            "ReviewCount": 0,
            "RatingCount": 0,
            "RatingSum": 0,
            "OneStarCount": 0,
            "TwoStarCount": 0,
            "ThreeStarCount": 0,
            "FourStarCount": 0,
            "FiveStarCount": 0,
            "Average": 0,
            "OneStarPercentage": 0,
            "TwoStarPercentage": 0,
            "ThreeStarPercentage": 0,
            "FourStarPercentage": 0,
            "FiveStarPercentage": 0
          },
          "HasProductSubs": false,
          "IsSponsoredAd": false,
          "AdID": null,
          "AdIndex": null,
          "ThirdPartyProductInfo": null,
          "MarketFeatures": null,
          "MarketSpecifications": null
        }
      ],
      "Name": "Fairy Cooking Margarine"
    },
    {
      "Products": [
        {
          "TileID": 0,
          "Stockcode": 877065,
          "Barcode": "9310354981353",
          "GtinFormat": 13,
          "CupPrice": 1.15,
          "InstoreCupPrice": 1.15,
          "CupMeasure": "100G",
          "CupString": "$1.15 / 100G",
          "InstoreCupString": "$1.15 / 100G",
          "HasCupPrice": true,
          "InstoreHasCupPrice": true,
          "Price": 1.95,
          "InstorePrice": 1.95,
          "Name": "Jalna Natural Greek Yoghurt",
          "UrlFriendlyName": "jalna-natural-greek-yoghurt",
          "Description": " Jalna Natural Greek Yoghurt  170g",
          "SmallImageFile": "https://cdn0.woolworths.media/content/wowproductimages/small/877065.jpg",
          "MediumImageFile": "https://cdn0.woolworths.media/content/wowproductimages/medium/877065.jpg",
          "LargeImageFile": "https://cdn0.woolworths.media/content/wowproductimages/large/877065.jpg",
          "IsNew": false,
          "IsOnSpecial": false,
          "InstoreIsOnSpecial": false,
          "IsEdrSpecial": false,
          "SavingsAmount": 0,
          "InstoreSavingsAmount": 0,
          "WasPrice": 1.95,
          "InstoreWasPrice": 1.95,
          "QuantityInTrolley": 0,
          "Unit": "Each",
          "MinimumQuantity": 1,
          "HasBeenBoughtBefore": false,
          "IsInTrolley": false,
          "Source": "Aisle.DairyEggsFridge",
          "SupplyLimit": 36,
          "IsRanged": false,
          "IsInStock": true,
          "PackageSize": "170g",
          "IsPmDelivery": true,
          "IsForCollection": true,
          "IsForDelivery": true,
          "IsForExpress": false,
          "ProductRestrictionMessage": null,
          "ProductWarningMessage": null,
          "CentreTag": {
            "TagContent": null,
            "TagLink": null,
            "FallbackText": null,
            "TagType": "None",
            "MultibuyData": null
          },
          "IsCentreTag": false,
          "ImageTag": {
            "TagContent": null,
            "TagLink": null,
            "FallbackText": "",
            "TagType": "None",
            "MultibuyData": null
          },
          "HeaderTag": null,
          "HasHeaderTag": false,
          "UnitWeightInGrams": 188,
          "SupplyLimitMessage": "'Jalna Natural Greek Yoghurt' has a supply limit of 36. The quantity in your cart has been reduced accordingly. To purchase a larger quantity, please contact us on 1800 000 610. Please note we do not supply trade orders.",
          "SmallFormatDescription": "Jalna Natural Greek Yoghurt ",
          "FullDescription": "Jalna Natural Greek Yoghurt ",
          "IsAvailable": true,
          "InstoreIsAvailable": true,
          "IsPurchasable": true,
          "InstoreIsPurchasable": true,
          "AgeRestricted": false,
          "DisplayQuantity": 1,
          "RichDescription": "<div>If you're after the pure, milky goodness of yoghurt, then Jalna Greek Yoghurt 1kg x3 Bundle is the one for you. This tasty yoghurt contains no preservatives, emulsifiers, colours, artificial colours and added sugar. This is simply your classic, creamy Greek yoghurt that is perfect on its own or with bits of fruits and cereals. </div>",
          "IsDeliveryPass": false,
          "HideWasSavedPrice": false,
          "SapCategories": null,
          "Brand": "Jalna",
          "IsRestrictedByDeliveryMethod": false,
          "FooterTag": {
            "TagContent": null,
            "TagLink": null,
            "FallbackText": null,
            "TagType": "None",
            "MultibuyData": null
          },
          "IsFooterEnabled": true,
          "Diagnostics": "1742",
          "IsBundle": false,
          "IsInFamily": false,
          "ChildProducts": [],
          "UrlOverride": null,
          "AdditionalAttributes": {
            "sapdepartmentname": "FRESH CONVENIENCE",
            "sapdepartmentno": "10",
            "sapcategoryname": "DAIRY - YOGHURT",
            "sapcategoryno": "94",
            "sapsubcategoryname": "DAIRY - YOGHURT SINGLE SERVE",
            "sapsubcategoryno": "848",
            "sapsegmentname": "EVERYDAY POT",
            "sapsegmentno": "6",
            "specialsgroupid": null,
            "PiesProductDepartmentNodeId": "1_6E4F4E4",
            "PiesProductDepartmentsjson": "[{\"Id\":\"1_6E4F4E4\",\"Description\":\"Dairy, Eggs & Fridge\"}]",
            "piesdepartmentnamesjson": "[\"Dairy, Eggs & Fridge\"]",
            "piescategorynamesjson": "[\"Yoghurt\"]",
            "piessubcategorynamesjson": "[\"Greek & Natural Yoghurt\",\"Flavoured Yoghurt\"]",
            "servingsize-total-nip": null,
            "servingsperpack-total-nip": null,
            "microwaveable": "False",
            "ovencook": "False",
            "vegetarian": "False",
            "freezable": "False",
            "containsnuts": "False",
            "containsgluten": "False",
            "description": "<div>If you're after the pure, milky goodness of yoghurt, then Jalna Greek Yoghurt 1kg x3 Bundle is the one for you. This tasty yoghurt contains no preservatives, emulsifiers, colours, artificial colours and added sugar. This is simply your classic, creamy Greek yoghurt that is perfect on its own or with bits of fruits and cereals. </div>",
            "ingredients": null,
            "nutritionalinformation": null,
            "storageinstructions": null,
            "usageinstructions": null,
            "brand": "jalna",
            "manufacturer": null,
            "countryoforigin": null,
            "productheightmm": null,
            "productwidthmm": null,
            "productdepthmm": null,
            "wool_productpackaging": null,
            "recyclableinformation": null,
            "importantinformation": null,
            "allergencontains": null,
            "allergenmaybepresent": null,
            "allergystatement": null,
            "lifestyleanddietarystatement": null,
            "lifestyleclaim": null,
            "wool_dietaryclaim": null,
            "boxedcontents": null,
            "suitablefor": null,
            "fragrance": null,
            "colour": null,
            "antioxidant": "False",
            "addedvitaminsandminerals": "False",
            "bpafree": "False",
            "sulfatefree": "False",
            "parabenfree": "False",
            "claims": null,
            "alcoholfree": null,
            "anti-dandruff": null,
            "dermatologicallyapproved": null,
            "dermatologistrecommended": null,
            "dermatologisttested": null,
            "fragrance-free": null,
            "haircolour": null,
            "hairtype": null,
            "hypo-allergenic": null,
            "non-comedogenic": null,
            "oilfree": null,
            "ophthalmologistapproved": null,
            "ophthalmologisttested": null,
            "paba-free": null,
            "skincondition": null,
            "skintype": null,
            "soap-free": null,
            "spf": null,
            "sweatresistant": null,
            "timer": null,
            "waterresistant": null,
            "phbalanced": null,
            "antiseptic": "False",
            "antibacterial": "False",
            "activeconstituents": null,
            "contains": null,
            "microwavesafe": "False",
            "productimagecount": "6",
            "friendlydisclaimer": null,
            "productimages": "877065.jpg,877065_1.jpg,877065_2.jpg,877065_3.jpg,877065_4.jpg,877065_5.jpg",
            "healthstarrating": "0",
            "tgawarnings": null,
            "vendorarticleid": null,
            "vendorcostprice": null,
            "tgawarning": null,
            "PiesProductB2bDepartmentNodeId": "14_BADBC9B",
            "PiesProductB2bDepartmentsjson": "[{\"Id\":\"14_BADBC9B\",\"Description\":\"Fridge\"},{\"Id\":\"14_469C0EA\",\"Description\":\"Breakfast & Bakery\"}]",
            "piesb2bdepartmentnamesjson": "[\"Fridge\",\"Breakfast & Bakery\"]",
            "piesb2bcategorynamesjson": "[\"Yoghurt\",\"Yoghurt\"]",
            "piesb2bsubcategorynamesjson": "[\"Greek & Natural Yoghurt\",\"Greek & Natural Yoghurt\",\"Single Serve Yoghurt\",\"Single Serve Yoghurt\"]"
          },
          "DetailsImagePaths": [
            "https://cdn0.woolworths.media/content/wowproductimages/large/877065.jpg",
            "https://cdn0.woolworths.media/content/wowproductimages/large/877065_1.jpg",
            "https://cdn0.woolworths.media/content/wowproductimages/large/877065_2.jpg",
            "https://cdn0.woolworths.media/content/wowproductimages/large/877065_3.jpg",
            "https://cdn0.woolworths.media/content/wowproductimages/large/877065_4.jpg",
            "https://cdn0.woolworths.media/content/wowproductimages/large/877065_5.jpg"
          ],
          "Variety": "",
          "Rating": null,
          "HasProductSubs": false,
          "IsSponsoredAd": false,
          "AdID": null,
          "AdIndex": null,
          "ThirdPartyProductInfo": null,
          "MarketFeatures": null,
          "MarketSpecifications": null
        }
      ],
      "Name": "Jalna Natural Greek Yoghurt"
    },
    {
      "Products": [
        {
          "TileID": 0,
          "Stockcode": 16307,
          "Barcode": "9300652511918",
          "GtinFormat": 13,
          "CupPrice": 1.9,
          "InstoreCupPrice": 1.9,
          "CupMeasure": "1L",
          "CupString": "$1.90 / 1L",
          "InstoreCupString": "$1.90 / 1L",
          "HasCupPrice": true,
          "InstoreHasCupPrice": true,
          "Price": 1.9,
          "InstorePrice": 1.9,
          "Name": "Sanitarium So Good Long Life Lite Soy Milk",
          "UrlFriendlyName": "sanitarium-so-good-long-life-lite-soy-milk",
          "Description": " Sanitarium So Good Long Life<br>Lite Soy Milk 1L",
          "SmallImageFile": "https://cdn0.woolworths.media/content/wowproductimages/small/016307.jpg",
          "MediumImageFile": "https://cdn0.woolworths.media/content/wowproductimages/medium/016307.jpg",
          "LargeImageFile": "https://cdn0.woolworths.media/content/wowproductimages/large/016307.jpg",
          "IsNew": false,
          "IsOnSpecial": false,
          "InstoreIsOnSpecial": false,
          "IsEdrSpecial": false,
          "SavingsAmount": 0,
          "InstoreSavingsAmount": 0,
          "WasPrice": 1.9,
          "InstoreWasPrice": 1.9,
          "QuantityInTrolley": 0,
          "Unit": "Each",
          "MinimumQuantity": 1,
          "HasBeenBoughtBefore": false,
          "IsInTrolley": false,
          "Source": "Aisle.DairyEggsFridge",
          "SupplyLimit": 36,
          "IsRanged": false,
          "IsInStock": true,
          "PackageSize": "1L",
          "IsPmDelivery": false,
          "IsForCollection": true,
          "IsForDelivery": true,
          "IsForExpress": false,
          "ProductRestrictionMessage": null,
          "ProductWarningMessage": null,
          "CentreTag": {
            "TagContent": null,
            "TagLink": null,
            "FallbackText": null,
            "TagType": "None",
            "MultibuyData": null
          },
          "IsCentreTag": false,
          "ImageTag": {
            "TagContent": null,
            "TagLink": null,
            "FallbackText": "",
            "TagType": "None",
            "MultibuyData": null
          },
          "HeaderTag": {
            "BackgroundColor": "#c20016",
            "BorderColor": "#c20016",
            "TextColor": "#fff",
            "Content": "Low price <span class=\"u-semibold\">always</span>",
            "TagLink": null,
            "Promotion": "LowPrice"
          },
          "HasHeaderTag": true,
          "UnitWeightInGrams": 1070,
          "SupplyLimitMessage": "'Sanitarium So Good Long Life Lite Soy Milk' has a supply limit of 36. The quantity in your cart has been reduced accordingly. To purchase a larger quantity, please contact us on 1800 000 610. Please note we do not supply trade orders.",
          "SmallFormatDescription": "Sanitarium So Good Long Life Lite Soy Milk",
          "FullDescription": "Sanitarium So Good Long Life Lite Soy Milk",
          "IsAvailable": true,
          "InstoreIsAvailable": true,
          "IsPurchasable": true,
          "InstoreIsPurchasable": true,
          "AgeRestricted": false,
          "DisplayQuantity": 1,
          "RichDescription": "<p>Sanitarium So Good Lite Soy Milk is a long life dairy free milk alternative.<br/><br/></p><p>So Good™ Lite Long LifeLite Soy Milk is a source of protein and high in calcium. <br /><br />It's naturally free from:<br /> Lactose<br /> Gluten<br /> Cholesterol<br /> Dairy<br /><br />Contains:<br /> Vitamins and Minerals<br /> Non-GM Soy‡<br /> 60% less fat than So Good™ Regular Soy Milk<br /> No artificial colours or flavours<br /><br /> Available in the Long Life Milk section of your supermarket. <br /><br />‡ So Good™ uses soy protein that is Identity Preserved. Identity Preserved means that every stage from seed to supermarket is controlled, to maintain segregation and minimise the possibility of mixing Identity Preserved soybeans with any genetically modified soybeans.</p>",
          "IsDeliveryPass": false,
          "HideWasSavedPrice": false,
          "SapCategories": null,
          "Brand": "Sanitarium",
          "IsRestrictedByDeliveryMethod": false,
          "FooterTag": {
            "TagContent": "<div class=\"productTag-lowerpricealways\" style=\"\r\nheight:46px;\r\nposition:absolute;\r\ntop:-2px;\r\nleft:0;\r\nwidth:100%;\r\nbackground:#c20016;\r\ntext-align:center;\r\n\">\r\n<img src=\"https://wowpmediaaae.azureedge.net/content/content/lpa_footer_img2.png\" width=\"166px\" height=\"13px\" alt=\"Lower Price Always\" style=\"display:inline-block; margin-top:15px;\">\r\n</div>\r\n<style>\r\n.cardViewCompact wow-shelf-product:not(.override-global-size) .card:not(.is-smallFormat).shelfProductStamp .productTag-lowerpricealways img{\r\n                max-width: 90%;\r\n}\r\n</style>",
            "TagLink": null,
            "FallbackText": null,
            "TagType": "Html",
            "MultibuyData": null
          },
          "IsFooterEnabled": true,
          "Diagnostics": "1743",
          "IsBundle": false,
          "IsInFamily": false,
          "ChildProducts": [],
          "UrlOverride": null,
          "AdditionalAttributes": {
            "sapdepartmentname": "GROCERIES",
            "sapdepartmentno": "5",
            "sapcategoryname": "BEVERAGES",
            "sapcategoryno": "57",
            "sapsubcategoryname": "LONGLIFE MILK & SOY DRINKS",
            "sapsubcategoryno": "3",
            "sapsegmentname": "LONG LIFE MILK - SOY",
            "sapsegmentno": "3",
            "specialsgroupid": null,
            "PiesProductDepartmentNodeId": "1_6E4F4E4",
            "PiesProductDepartmentsjson": "[{\"Id\":\"1_6E4F4E4\",\"Description\":\"Dairy, Eggs & Fridge\"},{\"Id\":\"1_5AF3A0A\",\"Description\":\"Drinks\"}]",
            "piesdepartmentnamesjson": "[\"Dairy, Eggs & Fridge\",\"Drinks\"]",
            "piescategorynamesjson": "[\"Long Life Milk\",\"Milk\"]",
            "piessubcategorynamesjson": "[\"Long Life Milk\",\"Soy & Speciality Milk\",\"Soy Milk\"]",
            "servingsize-total-nip": null,
            "servingsperpack-total-nip": null,
            "microwaveable": "False",
            "ovencook": "False",
            "vegetarian": "False",
            "freezable": "False",
            "containsnuts": "False",
            "containsgluten": "False",
            "description": "<p>Sanitarium So Good Lite Soy Milk is a long life dairy free milk alternative.<br/><br/></p><p>So Good™ Lite Long LifeLite Soy Milk is a source of protein and high in calcium. <br /><br />It's naturally free from:<br /> Lactose<br /> Gluten<br /> Cholesterol<br /> Dairy<br /><br />Contains:<br /> Vitamins and Minerals<br /> Non-GM Soy‡<br /> 60% less fat than So Good™ Regular Soy Milk<br /> No artificial colours or flavours<br /><br /> Available in the Long Life Milk section of your supermarket. <br /><br />‡ So Good™ uses soy protein that is Identity Preserved. Identity Preserved means that every stage from seed to supermarket is controlled, to maintain segregation and minimise the possibility of mixing Identity Preserved soybeans with any genetically modified soybeans.</p>",
            "ingredients": "Filtered Water, Soy Protein (3.5%), Corn Maltodextrin, Cane Sugar, Vegetable Oils (Sunflower, Canola), Acidity Regulators (332, 450), Minerals (Calcium, Phosphorus, Magnesium), Antioxidant (Ascorbic Acid), Vitamins (B12, A, B2, D2, B1), Natural Flavour. (All ingredients are of non-animal origin).",
            "nutritionalinformation": "{\"Name\":\"Nutritional Information\",\"Attributes\":[{\"Id\":705,\"Name\":\"Carbohydrate Quantity Per 100g - Total - NIP\",\"Value\":\"4.8g\",\"Description\":\"Carbohydrate Quantity Per 100g - Total - NIP\",\"SortOrder\":83},{\"Id\":706,\"Name\":\"Carbohydrate Quantity Per Serve - Total - NIP\",\"Value\":\"12.1g\",\"Description\":\"Carbohydrate Quantity Per Serve - Total - NIP\",\"SortOrder\":87},{\"Id\":759,\"Name\":\"Energy kJ Quantity Per 100g - Total - NIP\",\"Value\":\"189kJ\",\"Description\":\"Energy kJ Quantity Per 100g - Total - NIP\",\"SortOrder\":239},{\"Id\":760,\"Name\":\"Energy kJ Quantity Per Serve - Total - NIP\",\"Value\":\"473kJ\",\"Description\":\"Energy kJ Quantity Per Serve - Total - NIP\",\"SortOrder\":243},{\"Id\":253,\"Name\":\"Fat Saturated Quantity Per 100g - Total - NIP\",\"Value\":\"0.2g\",\"Description\":\"Fat Saturated Quantity Per 100g - Total - NIP\",\"SortOrder\":251},{\"Id\":258,\"Name\":\"Fat Saturated Quantity Per Serve - Total - NIP\",\"Value\":\"0.4g\",\"Description\":\"Fat Saturated Quantity Per Serve - Total - NIP\",\"SortOrder\":255},{\"Id\":764,\"Name\":\"Fat Total Quantity Per 100g - Total - NIP\",\"Value\":\"1.3g\",\"Description\":\"Fat Total Quantity Per 100g - Total - NIP\",\"SortOrder\":263},{\"Id\":264,\"Name\":\"Fat Total Quantity Per Serve - Total - NIP\",\"Value\":\"3.3g\",\"Description\":\"Fat Total Quantity Per Serve - Total - NIP\",\"SortOrder\":267},{\"Id\":878,\"Name\":\"Protein Quantity Per 100g - Total - NIP\",\"Value\":\"3.4g\",\"Description\":\"Protein Quantity Per 100g - Total - NIP\",\"SortOrder\":587},{\"Id\":882,\"Name\":\"Protein Quantity Per Serve - Total - NIP\",\"Value\":\"8.5g\",\"Description\":\"Protein Quantity Per Serve - Total - NIP\",\"SortOrder\":591},{\"Id\":477,\"Name\":\"Serving Size - Total - NIP\",\"Value\":\"250mL\",\"Description\":\"Serving Size - Total - NIP\",\"SortOrder\":607},{\"Id\":544,\"Name\":\"Servings Per Pack - Total - NIP\",\"Value\":\"1\",\"Description\":\"Servings Per Pack - Total - NIP\",\"SortOrder\":611},{\"Id\":491,\"Name\":\"Sodium Quantity Per 100g - Total - NIP\",\"Value\":\"45mg\",\"Description\":\"Sodium Quantity Per 100g - Total - NIP\",\"SortOrder\":623},{\"Id\":495,\"Name\":\"Sodium Quantity Per Serve - Total - NIP\",\"Value\":\"114mg\",\"Description\":\"Sodium Quantity Per Serve - Total - NIP\",\"SortOrder\":627},{\"Id\":907,\"Name\":\"Sugars Quantity Per 100g - Prefix - NIP\",\"Value\":\"\",\"Description\":\"Sugars Quantity Per 100g - Prefix - NIP\",\"SortOrder\":645},{\"Id\":908,\"Name\":\"Sugars Quantity Per 100g - SuffixUnits - NIP\",\"Value\":\"g\",\"Description\":\"Sugars Quantity Per 100g - SuffixUnits - NIP\",\"SortOrder\":646},{\"Id\":909,\"Name\":\"Sugars Quantity Per 100g - Total - NIP\",\"Value\":\"2.0g\",\"Description\":\"Sugars Quantity Per 100g - Total - NIP\",\"SortOrder\":647},{\"Id\":910,\"Name\":\"Sugars Quantity Per 100g - ValueWord - NIP\",\"Value\":\"2.0\",\"Description\":\"Sugars Quantity Per 100g - ValueWord - NIP\",\"SortOrder\":648},{\"Id\":504,\"Name\":\"Sugars Quantity Per Serve - Prefix - NIP\",\"Value\":\"\",\"Description\":\"Sugars Quantity Per Serve - Prefix - NIP\",\"SortOrder\":649},{\"Id\":911,\"Name\":\"Sugars Quantity Per Serve - SuffixUnits - NIP\",\"Value\":\"g\",\"Description\":\"Sugars Quantity Per Serve - SuffixUnits - NIP\",\"SortOrder\":650},{\"Id\":912,\"Name\":\"Sugars Quantity Per Serve - Total - NIP\",\"Value\":\"5.1g\",\"Description\":\"Sugars Quantity Per Serve - Total - NIP\",\"SortOrder\":651},{\"Id\":572,\"Name\":\"Sugars Quantity Per Serve - ValueWord - NIP\",\"Value\":\"5.1\",\"Description\":\"Sugars Quantity Per Serve - ValueWord - NIP\",\"SortOrder\":652}]}",
            "storageinstructions": "Refrigerate after opening.",
            "usageinstructions": null,
            "brand": "sanitarium",
            "manufacturer": null,
            "countryoforigin": null,
            "productheightmm": null,
            "productwidthmm": null,
            "productdepthmm": null,
            "wool_productpackaging": null,
            "recyclableinformation": null,
            "importantinformation": null,
            "allergencontains": "Soy",
            "allergenmaybepresent": null,
            "allergystatement": "No Artificial Colours or Flavours",
            "lifestyleanddietarystatement": "Low Saturated Fat",
            "lifestyleclaim": "GMO Free",
            "wool_dietaryclaim": "Source of Omega 3",
            "boxedcontents": null,
            "suitablefor": null,
            "fragrance": null,
            "colour": null,
            "antioxidant": "False",
            "addedvitaminsandminerals": "False",
            "bpafree": "False",
            "sulfatefree": "False",
            "parabenfree": "False",
            "claims": null,
            "alcoholfree": null,
            "anti-dandruff": null,
            "dermatologicallyapproved": null,
            "dermatologistrecommended": null,
            "dermatologisttested": null,
            "fragrance-free": null,
            "haircolour": null,
            "hairtype": null,
            "hypo-allergenic": null,
            "non-comedogenic": null,
            "oilfree": null,
            "ophthalmologistapproved": null,
            "ophthalmologisttested": null,
            "paba-free": null,
            "skincondition": null,
            "skintype": null,
            "soap-free": null,
            "spf": null,
            "sweatresistant": null,
            "timer": null,
            "waterresistant": null,
            "phbalanced": null,
            "antiseptic": "False",
            "antibacterial": "False",
            "activeconstituents": null,
            "contains": null,
            "microwavesafe": "False",
            "productimagecount": "7",
            "friendlydisclaimer": null,
            "productimages": "16307.jpg,16307_1.jpg,16307_2.jpg,16307_3.jpg,16307_4.jpg,16307_5.jpg,16307_6.jpg",
            "healthstarrating": "5",
            "tgawarnings": null,
            "vendorarticleid": null,
            "vendorcostprice": null,
            "tgawarning": null,
            "PiesProductB2bDepartmentNodeId": "14_BADBC9B",
            "PiesProductB2bDepartmentsjson": "[{\"Id\":\"14_BADBC9B\",\"Description\":\"Fridge\"},{\"Id\":\"14_7A6B58C\",\"Description\":\"Drinks\"},{\"Id\":\"14_AB10757\",\"Description\":\"Coffee & Tea\"}]",
            "piesb2bdepartmentnamesjson": "[\"Fridge\",\"Drinks\",\"Coffee & Tea\"]",
            "piesb2bcategorynamesjson": "[\"Milk\",\"Chilled Milk\",\"Chilled Milk\",\"Long Life Milk\",\"Long-life Milk\"]",
            "piesb2bsubcategorynamesjson": "[\"Soy & Speciality Milk\",\"Soy & Specialty Milk\",\"Soy & Specialty Milk\",\"Almond, Soy & Specialty Milk\",\"Almond, Soy & Specialty Milk\"]"
          },
          "DetailsImagePaths": [
            "https://cdn0.woolworths.media/content/wowproductimages/large/016307.jpg",
            "https://cdn0.woolworths.media/content/wowproductimages/large/016307_1.jpg",
            "https://cdn0.woolworths.media/content/wowproductimages/large/016307_2.jpg",
            "https://cdn0.woolworths.media/content/wowproductimages/large/016307_3.jpg",
            "https://cdn0.woolworths.media/content/wowproductimages/large/016307_4.jpg",
            "https://cdn0.woolworths.media/content/wowproductimages/large/016307_5.jpg",
            "https://cdn0.woolworths.media/content/wowproductimages/large/016307_6.jpg"
          ],
          "Variety": "Soy Milk",
          "Rating": null,
          "HasProductSubs": false,
          "IsSponsoredAd": false,
          "AdID": null,
          "AdIndex": null,
          "ThirdPartyProductInfo": null,
          "MarketFeatures": null,
          "MarketSpecifications": null
        }
      ],
      "Name": "Sanitarium So Good Long Life Lite Soy Milk"
    },
    {
      "Products": [
        {
          "TileID": 0,
          "Stockcode": 44317,
          "Barcode": "9300633443177",
          "GtinFormat": 13,
          "CupPrice": 0.63,
          "InstoreCupPrice": 0.63,
          "CupMeasure": "100ML",
          "CupString": "$0.63 / 100ML",
          "InstoreCupString": "$0.63 / 100ML",
          "HasCupPrice": true,
          "InstoreHasCupPrice": true,
          "Price": 1.9,
          "InstorePrice": 1.9,
          "Name": "Woolworths Thickened Cream",
          "UrlFriendlyName": "woolworths-thickened-cream",
          "Description": " Woolworths Thickened Cream  300ml",
          "SmallImageFile": "https://cdn0.woolworths.media/content/wowproductimages/small/044317.jpg",
          "MediumImageFile": "https://cdn0.woolworths.media/content/wowproductimages/medium/044317.jpg",
          "LargeImageFile": "https://cdn0.woolworths.media/content/wowproductimages/large/044317.jpg",
          "IsNew": false,
          "IsOnSpecial": false,
          "InstoreIsOnSpecial": false,
          "IsEdrSpecial": false,
          "SavingsAmount": 0,
          "InstoreSavingsAmount": 0,
          "WasPrice": 1.9,
          "InstoreWasPrice": 1.9,
          "QuantityInTrolley": 0,
          "Unit": "Each",
          "MinimumQuantity": 1,
          "HasBeenBoughtBefore": false,
          "IsInTrolley": false,
          "Source": "Aisle.DairyEggsFridge",
          "SupplyLimit": 36,
          "IsRanged": false,
          "IsInStock": true,
          "PackageSize": "300ml",
          "IsPmDelivery": true,
          "IsForCollection": true,
          "IsForDelivery": true,
          "IsForExpress": false,
          "ProductRestrictionMessage": null,
          "ProductWarningMessage": null,
          "CentreTag": {
            "TagContent": null,
            "TagLink": null,
            "FallbackText": null,
            "TagType": "None",
            "MultibuyData": null
          },
          "IsCentreTag": false,
          "ImageTag": {
            "TagContent": null,
            "TagLink": null,
            "FallbackText": "",
            "TagType": "None",
            "MultibuyData": null
          },
          "HeaderTag": {
            "BackgroundColor": "#c20016",
            "BorderColor": "#c20016",
            "TextColor": "#fff",
            "Content": "Low price <span class=\"u-semibold\">always</span>",
            "TagLink": null,
            "Promotion": "LowPrice"
          },
          "HasHeaderTag": true,
          "UnitWeightInGrams": 326,
          "SupplyLimitMessage": "'Woolworths Thickened Cream' has a supply limit of 36. The quantity in your cart has been reduced accordingly. To purchase a larger quantity, please contact us on 1800 000 610. Please note we do not supply trade orders.",
          "SmallFormatDescription": "Woolworths Thickened Cream ",
          "FullDescription": "Woolworths Thickened Cream ",
          "IsAvailable": true,
          "InstoreIsAvailable": true,
          "IsPurchasable": true,
          "InstoreIsPurchasable": true,
          "AgeRestricted": false,
          "DisplayQuantity": 1,
          "RichDescription": "<div>Perfect for cooking, pouring and whipping.<br><br></div><div>No artificial colours, flavours or preservatives.<br><br><strong><em>This product is produced locally and may not be suitable for vegetarians in Victoria as it may contain Beef Gelatin. </em></strong></div><div><strong><em>Please check product packaging for product information.</em></strong></div>",
          "IsDeliveryPass": false,
          "HideWasSavedPrice": false,
          "SapCategories": null,
          "Brand": "Woolworths",
          "IsRestrictedByDeliveryMethod": false,
          "FooterTag": {
            "TagContent": "<div class=\"productTag-lowerpricealways\" style=\"\r\nheight:46px;\r\nposition:absolute;\r\ntop:-2px;\r\nleft:0;\r\nwidth:100%;\r\nbackground:#c20016;\r\ntext-align:center;\r\n\">\r\n<img src=\"https://wowpmediaaae.azureedge.net/content/content/lpa_footer_img2.png\" width=\"166px\" height=\"13px\" alt=\"Lower Price Always\" style=\"display:inline-block; margin-top:15px;\">\r\n</div>\r\n<style>\r\n.cardViewCompact wow-shelf-product:not(.override-global-size) .card:not(.is-smallFormat).shelfProductStamp .productTag-lowerpricealways img{\r\n                max-width: 90%;\r\n}\r\n</style>",
            "TagLink": null,
            "FallbackText": null,
            "TagType": "Html",
            "MultibuyData": null
          },
          "IsFooterEnabled": true,
          "Diagnostics": "1744",
          "IsBundle": false,
          "IsInFamily": false,
          "ChildProducts": [],
          "UrlOverride": null,
          "AdditionalAttributes": {
            "sapdepartmentname": "FRESH CONVENIENCE",
            "sapdepartmentno": "10",
            "sapcategoryname": "DAIRY - CREAM",
            "sapcategoryno": "28",
            "sapsubcategoryname": "DAIRY - CREAM",
            "sapsubcategoryno": "551",
            "sapsegmentname": "CREAM THICKENED 300ML & UNDER",
            "sapsegmentno": "4",
            "specialsgroupid": null,
            "PiesProductDepartmentNodeId": "1_6E4F4E4",
            "PiesProductDepartmentsjson": "[{\"Id\":\"1_6E4F4E4\",\"Description\":\"Dairy, Eggs & Fridge\"}]",
            "piesdepartmentnamesjson": "[\"Dairy, Eggs & Fridge\"]",
            "piescategorynamesjson": "[\"Cream, Custard & Desserts\"]",
            "piessubcategorynamesjson": "[\"Cream\"]",
            "servingsize-total-nip": null,
            "servingsperpack-total-nip": null,
            "microwaveable": "False",
            "ovencook": "False",
            "vegetarian": "False",
            "freezable": "False",
            "containsnuts": "False",
            "containsgluten": "False",
            "description": "<div>Perfect for cooking, pouring and whipping.<br><br></div><div>No artificial colours, flavours or preservatives.<br><br><strong><em>This product is produced locally and may not be suitable for vegetarians in Victoria as it may contain Beef Gelatin. </em></strong></div><div><strong><em>Please check product packaging for product information.</em></strong></div>",
            "ingredients": "<div><strong><em>This product is produced locally and may not be suitable for vegetarians in Victoria as it may contain Beef Gelatin. </em></strong></div><div><strong><em>Please check product packaging for product information.</em></strong></div>",
            "nutritionalinformation": "{\"Name\":\"Nutritional Information\",\"Attributes\":[{\"Id\":705,\"Name\":\"Carbohydrate Quantity Per 100g - Total - NIP\",\"Value\":\"Approx. 2.8g\",\"Description\":\"Carbohydrate Quantity Per 100g - Total - NIP\",\"SortOrder\":83},{\"Id\":706,\"Name\":\"Carbohydrate Quantity Per Serve - Total - NIP\",\"Value\":\"Approx. 1g\",\"Description\":\"Carbohydrate Quantity Per Serve - Total - NIP\",\"SortOrder\":87},{\"Id\":759,\"Name\":\"Energy kJ Quantity Per 100g - Total - NIP\",\"Value\":\"Approx. 1380kJ\",\"Description\":\"Energy kJ Quantity Per 100g - Total - NIP\",\"SortOrder\":239},{\"Id\":760,\"Name\":\"Energy kJ Quantity Per Serve - Total - NIP\",\"Value\":\"Approx. 276kJ\",\"Description\":\"Energy kJ Quantity Per Serve - Total - NIP\",\"SortOrder\":243},{\"Id\":253,\"Name\":\"Fat Saturated Quantity Per 100g - Total - NIP\",\"Value\":\"Approx. 24.7g\",\"Description\":\"Fat Saturated Quantity Per 100g - Total - NIP\",\"SortOrder\":251},{\"Id\":258,\"Name\":\"Fat Saturated Quantity Per Serve - Total - NIP\",\"Value\":\"Approx. 4.9g\",\"Description\":\"Fat Saturated Quantity Per Serve - Total - NIP\",\"SortOrder\":255},{\"Id\":764,\"Name\":\"Fat Total Quantity Per 100g - Total - NIP\",\"Value\":\"Approx. 35g\",\"Description\":\"Fat Total Quantity Per 100g - Total - NIP\",\"SortOrder\":263},{\"Id\":264,\"Name\":\"Fat Total Quantity Per Serve - Total - NIP\",\"Value\":\"Approx. 7g\",\"Description\":\"Fat Total Quantity Per Serve - Total - NIP\",\"SortOrder\":267},{\"Id\":878,\"Name\":\"Protein Quantity Per 100g - Total - NIP\",\"Value\":\"Approx. 2.2g\",\"Description\":\"Protein Quantity Per 100g - Total - NIP\",\"SortOrder\":587},{\"Id\":882,\"Name\":\"Protein Quantity Per Serve - Total - NIP\",\"Value\":\"Approx. 1g\",\"Description\":\"Protein Quantity Per Serve - Total - NIP\",\"SortOrder\":591},{\"Id\":477,\"Name\":\"Serving Size - Total - NIP\",\"Value\":\"20ml\",\"Description\":\"Serving Size - Total - NIP\",\"SortOrder\":607},{\"Id\":544,\"Name\":\"Servings Per Pack - Total - NIP\",\"Value\":\"15\",\"Description\":\"Servings Per Pack - Total - NIP\",\"SortOrder\":611},{\"Id\":491,\"Name\":\"Sodium Quantity Per 100g - Total - NIP\",\"Value\":\"Approx. 25g\",\"Description\":\"Sodium Quantity Per 100g - Total - NIP\",\"SortOrder\":623},{\"Id\":495,\"Name\":\"Sodium Quantity Per Serve - Total - NIP\",\"Value\":\"Approx. 5g\",\"Description\":\"Sodium Quantity Per Serve - Total - NIP\",\"SortOrder\":627},{\"Id\":907,\"Name\":\"Sugars Quantity Per 100g - Prefix - NIP\",\"Value\":\"Approx. \",\"Description\":\"Sugars Quantity Per 100g - Prefix - NIP\",\"SortOrder\":645},{\"Id\":908,\"Name\":\"Sugars Quantity Per 100g - SuffixUnits - NIP\",\"Value\":\"g\",\"Description\":\"Sugars Quantity Per 100g - SuffixUnits - NIP\",\"SortOrder\":646},{\"Id\":909,\"Name\":\"Sugars Quantity Per 100g - Total - NIP\",\"Value\":\"Approx. 2.8g\",\"Description\":\"Sugars Quantity Per 100g - Total - NIP\",\"SortOrder\":647},{\"Id\":910,\"Name\":\"Sugars Quantity Per 100g - ValueWord - NIP\",\"Value\":\"2.8\",\"Description\":\"Sugars Quantity Per 100g - ValueWord - NIP\",\"SortOrder\":648},{\"Id\":504,\"Name\":\"Sugars Quantity Per Serve - Prefix - NIP\",\"Value\":\"Approx. \",\"Description\":\"Sugars Quantity Per Serve - Prefix - NIP\",\"SortOrder\":649},{\"Id\":911,\"Name\":\"Sugars Quantity Per Serve - SuffixUnits - NIP\",\"Value\":\"g\",\"Description\":\"Sugars Quantity Per Serve - SuffixUnits - NIP\",\"SortOrder\":650},{\"Id\":912,\"Name\":\"Sugars Quantity Per Serve - Total - NIP\",\"Value\":\"Approx. 1g\",\"Description\":\"Sugars Quantity Per Serve - Total - NIP\",\"SortOrder\":651},{\"Id\":572,\"Name\":\"Sugars Quantity Per Serve - ValueWord - NIP\",\"Value\":\"1\",\"Description\":\"Sugars Quantity Per Serve - ValueWord - NIP\",\"SortOrder\":652}]}",
            "storageinstructions": "Keep Refrigerated",
            "usageinstructions": null,
            "brand": "woolworths",
            "manufacturer": null,
            "countryoforigin": null,
            "productheightmm": null,
            "productwidthmm": null,
            "productdepthmm": null,
            "wool_productpackaging": null,
            "recyclableinformation": null,
            "importantinformation": null,
            "allergencontains": "Milk",
            "allergenmaybepresent": null,
            "allergystatement": "No Artificial Colours or Flavours",
            "lifestyleanddietarystatement": "Vegetarian",
            "lifestyleclaim": null,
            "wool_dietaryclaim": "Free from artificial preservatives. Free from artificial colour. Free from artificial flavour",
            "boxedcontents": null,
            "suitablefor": null,
            "fragrance": null,
            "colour": null,
            "antioxidant": "False",
            "addedvitaminsandminerals": "False",
            "bpafree": "False",
            "sulfatefree": "False",
            "parabenfree": "False",
            "claims": null,
            "alcoholfree": null,
            "anti-dandruff": null,
            "dermatologicallyapproved": null,
            "dermatologistrecommended": null,
            "dermatologisttested": null,
            "fragrance-free": null,
            "haircolour": null,
            "hairtype": null,
            "hypo-allergenic": null,
            "non-comedogenic": null,
            "oilfree": null,
            "ophthalmologistapproved": null,
            "ophthalmologisttested": null,
            "paba-free": null,
            "skincondition": null,
            "skintype": null,
            "soap-free": null,
            "spf": null,
            "sweatresistant": null,
            "timer": null,
            "waterresistant": null,
            "phbalanced": null,
            "antiseptic": "False",
            "antibacterial": "False",
            "activeconstituents": null,
            "contains": null,
            "microwavesafe": "False",
            "productimagecount": "1",
            "friendlydisclaimer": null,
            "productimages": "44317.jpg",
            "healthstarrating": "1",
            "tgawarnings": null,
            "vendorarticleid": null,
            "vendorcostprice": null,
            "tgawarning": null,
            "PiesProductB2bDepartmentNodeId": "14_BADBC9B",
            "PiesProductB2bDepartmentsjson": "[{\"Id\":\"14_BADBC9B\",\"Description\":\"Fridge\"}]",
            "piesb2bdepartmentnamesjson": "[\"Fridge\"]",
            "piesb2bcategorynamesjson": "[\"Cream & Desserts\"]",
            "piesb2bsubcategorynamesjson": "[\"Cream\"]"
          },
          "DetailsImagePaths": [
            "https://cdn0.woolworths.media/content/wowproductimages/large/044317.jpg"
          ],
          "Variety": "",
          "Rating": null,
          "HasProductSubs": false,
          "IsSponsoredAd": false,
          "AdID": null,
          "AdIndex": null,
          "ThirdPartyProductInfo": null,
          "MarketFeatures": null,
          "MarketSpecifications": null
        }
      ],
      "Name": "Woolworths Thickened Cream"
    },
    {
      "Products": [
        {
          "TileID": 0,
          "Stockcode": 57785,
          "Barcode": "21577857",
          "GtinFormat": 8,
          "CupPrice": 0.19,
          "InstoreCupPrice": 0.19,
          "CupMeasure": "100ML",
          "CupString": "$0.19 / 100ML",
          "InstoreCupString": "$0.19 / 100ML",
          "HasCupPrice": true,
          "InstoreHasCupPrice": true,
          "Price": 1.9,
          "InstorePrice": 1.9,
          "Name": "Woolworths Long Life Custard",
          "UrlFriendlyName": "woolworths-long-life-custard",
          "Description": " Woolworths Long Life Custard 1L",
          "SmallImageFile": "https://cdn0.woolworths.media/content/wowproductimages/small/057785.jpg",
          "MediumImageFile": "https://cdn0.woolworths.media/content/wowproductimages/medium/057785.jpg",
          "LargeImageFile": "https://cdn0.woolworths.media/content/wowproductimages/large/057785.jpg",
          "IsNew": false,
          "IsOnSpecial": false,
          "InstoreIsOnSpecial": false,
          "IsEdrSpecial": false,
          "SavingsAmount": 0,
          "InstoreSavingsAmount": 0,
          "WasPrice": 1.9,
          "InstoreWasPrice": 1.9,
          "QuantityInTrolley": 0,
          "Unit": "Each",
          "MinimumQuantity": 1,
          "HasBeenBoughtBefore": false,
          "IsInTrolley": false,
          "Source": "Aisle.DairyEggsFridge",
          "SupplyLimit": 36,
          "IsRanged": false,
          "IsInStock": true,
          "PackageSize": "1L",
          "IsPmDelivery": false,
          "IsForCollection": true,
          "IsForDelivery": true,
          "IsForExpress": false,
          "ProductRestrictionMessage": null,
          "ProductWarningMessage": null,
          "CentreTag": {
            "TagContent": null,
            "TagLink": null,
            "FallbackText": null,
            "TagType": "None",
            "MultibuyData": null
          },
          "IsCentreTag": false,
          "ImageTag": {
            "TagContent": null,
            "TagLink": null,
            "FallbackText": "",
            "TagType": "None",
            "MultibuyData": null
          },
          "HeaderTag": null,
          "HasHeaderTag": false,
          "UnitWeightInGrams": 1098,
          "SupplyLimitMessage": "'Woolworths Long Life Custard' has a supply limit of 36. The quantity in your cart has been reduced accordingly. To purchase a larger quantity, please contact us on 1800 000 610. Please note we do not supply trade orders.",
          "SmallFormatDescription": "Woolworths Long Life Custard",
          "FullDescription": "Woolworths Long Life Custard",
          "IsAvailable": true,
          "InstoreIsAvailable": true,
          "IsPurchasable": true,
          "InstoreIsPurchasable": true,
          "AgeRestricted": false,
          "DisplayQuantity": 1,
          "RichDescription": "<p></p>",
          "IsDeliveryPass": false,
          "HideWasSavedPrice": false,
          "SapCategories": null,
          "Brand": "Woolworths",
          "IsRestrictedByDeliveryMethod": false,
          "FooterTag": {
            "TagContent": null,
            "TagLink": null,
            "FallbackText": null,
            "TagType": "None",
            "MultibuyData": null
          },
          "IsFooterEnabled": false,
          "Diagnostics": "1745",
          "IsBundle": false,
          "IsInFamily": false,
          "ChildProducts": [],
          "UrlOverride": null,
          "AdditionalAttributes": {
            "sapdepartmentname": "GROCERIES",
            "sapdepartmentno": "5",
            "sapcategoryname": "CANNED FRUIT / DESSERTS",
            "sapcategoryno": "82",
            "sapsubcategoryname": "JELLY & PUDDINGS",
            "sapsubcategoryno": "29",
            "sapsegmentname": "CUSTARD",
            "sapsegmentno": "3",
            "specialsgroupid": null,
            "PiesProductDepartmentNodeId": "1_6E4F4E4",
            "PiesProductDepartmentsjson": "[{\"Id\":\"1_6E4F4E4\",\"Description\":\"Dairy, Eggs & Fridge\"}]",
            "piesdepartmentnamesjson": "[\"Dairy, Eggs & Fridge\"]",
            "piescategorynamesjson": "[\"Cream, Custard & Desserts\"]",
            "piessubcategorynamesjson": "[\"Custard\"]",
            "servingsize-total-nip": null,
            "servingsperpack-total-nip": null,
            "microwaveable": "False",
            "ovencook": "False",
            "vegetarian": "False",
            "freezable": "False",
            "containsnuts": "False",
            "containsgluten": "False",
            "description": "<p></p>",
            "ingredients": "Milk, Skim Milk, Sugar, Thickener (1442 from Maize), Stabilisers (407a, 452), Natural Colour (Carotene), Natural Flavour",
            "nutritionalinformation": "{\"Name\":\"Nutritional Information\",\"Attributes\":[{\"Id\":705,\"Name\":\"Carbohydrate Quantity Per 100g - Total - NIP\",\"Value\":\"Approx. 15.5g\",\"Description\":\"Carbohydrate Quantity Per 100g - Total - NIP\",\"SortOrder\":83},{\"Id\":706,\"Name\":\"Carbohydrate Quantity Per Serve - Total - NIP\",\"Value\":\"Approx. 19.4g\",\"Description\":\"Carbohydrate Quantity Per Serve - Total - NIP\",\"SortOrder\":87},{\"Id\":759,\"Name\":\"Energy kJ Quantity Per 100g - Total - NIP\",\"Value\":\"Approx. 420kJ\",\"Description\":\"Energy kJ Quantity Per 100g - Total - NIP\",\"SortOrder\":239},{\"Id\":760,\"Name\":\"Energy kJ Quantity Per Serve - Total - NIP\",\"Value\":\"Approx. 524kJ\",\"Description\":\"Energy kJ Quantity Per Serve - Total - NIP\",\"SortOrder\":243},{\"Id\":253,\"Name\":\"Fat Saturated Quantity Per 100g - Total - NIP\",\"Value\":\"Approx. 1.8g\",\"Description\":\"Fat Saturated Quantity Per 100g - Total - NIP\",\"SortOrder\":251},{\"Id\":258,\"Name\":\"Fat Saturated Quantity Per Serve - Total - NIP\",\"Value\":\"Approx. 2.2g\",\"Description\":\"Fat Saturated Quantity Per Serve - Total - NIP\",\"SortOrder\":255},{\"Id\":764,\"Name\":\"Fat Total Quantity Per 100g - Total - NIP\",\"Value\":\"Approx. 2.7g\",\"Description\":\"Fat Total Quantity Per 100g - Total - NIP\",\"SortOrder\":263},{\"Id\":264,\"Name\":\"Fat Total Quantity Per Serve - Total - NIP\",\"Value\":\"Approx. 3.4g\",\"Description\":\"Fat Total Quantity Per Serve - Total - NIP\",\"SortOrder\":267},{\"Id\":878,\"Name\":\"Protein Quantity Per 100g - Total - NIP\",\"Value\":\"Approx. 3.3g\",\"Description\":\"Protein Quantity Per 100g - Total - NIP\",\"SortOrder\":587},{\"Id\":882,\"Name\":\"Protein Quantity Per Serve - Total - NIP\",\"Value\":\"Approx. 4.1g\",\"Description\":\"Protein Quantity Per Serve - Total - NIP\",\"SortOrder\":591},{\"Id\":477,\"Name\":\"Serving Size - Total - NIP\",\"Value\":\"125ml\",\"Description\":\"Serving Size - Total - NIP\",\"SortOrder\":607},{\"Id\":544,\"Name\":\"Servings Per Pack - Total - NIP\",\"Value\":\"8\",\"Description\":\"Servings Per Pack - Total - NIP\",\"SortOrder\":611},{\"Id\":491,\"Name\":\"Sodium Quantity Per 100g - Total - NIP\",\"Value\":\"Approx. 48mg\",\"Description\":\"Sodium Quantity Per 100g - Total - NIP\",\"SortOrder\":623},{\"Id\":495,\"Name\":\"Sodium Quantity Per Serve - Total - NIP\",\"Value\":\"Approx. 60mg\",\"Description\":\"Sodium Quantity Per Serve - Total - NIP\",\"SortOrder\":627},{\"Id\":907,\"Name\":\"Sugars Quantity Per 100g - Prefix - NIP\",\"Value\":\"Approx. \",\"Description\":\"Sugars Quantity Per 100g - Prefix - NIP\",\"SortOrder\":645},{\"Id\":908,\"Name\":\"Sugars Quantity Per 100g - SuffixUnits - NIP\",\"Value\":\"g\",\"Description\":\"Sugars Quantity Per 100g - SuffixUnits - NIP\",\"SortOrder\":646},{\"Id\":909,\"Name\":\"Sugars Quantity Per 100g - Total - NIP\",\"Value\":\"Approx. 13g\",\"Description\":\"Sugars Quantity Per 100g - Total - NIP\",\"SortOrder\":647},{\"Id\":910,\"Name\":\"Sugars Quantity Per 100g - ValueWord - NIP\",\"Value\":\"13\",\"Description\":\"Sugars Quantity Per 100g - ValueWord - NIP\",\"SortOrder\":648},{\"Id\":504,\"Name\":\"Sugars Quantity Per Serve - Prefix - NIP\",\"Value\":\"Approx. \",\"Description\":\"Sugars Quantity Per Serve - Prefix - NIP\",\"SortOrder\":649},{\"Id\":911,\"Name\":\"Sugars Quantity Per Serve - SuffixUnits - NIP\",\"Value\":\"g\",\"Description\":\"Sugars Quantity Per Serve - SuffixUnits - NIP\",\"SortOrder\":650},{\"Id\":912,\"Name\":\"Sugars Quantity Per Serve - Total - NIP\",\"Value\":\"Approx. 16.2g\",\"Description\":\"Sugars Quantity Per Serve - Total - NIP\",\"SortOrder\":651},{\"Id\":572,\"Name\":\"Sugars Quantity Per Serve - ValueWord - NIP\",\"Value\":\"16.2\",\"Description\":\"Sugars Quantity Per Serve - ValueWord - NIP\",\"SortOrder\":652}]}",
            "storageinstructions": "Not Suitable for Home Freezing",
            "usageinstructions": null,
            "brand": "woolworths",
            "manufacturer": null,
            "countryoforigin": null,
            "productheightmm": null,
            "productwidthmm": null,
            "productdepthmm": null,
            "wool_productpackaging": null,
            "recyclableinformation": null,
            "importantinformation": null,
            "allergencontains": "Milk",
            "allergenmaybepresent": null,
            "allergystatement": "No Artificial Colours or Flavours",
            "lifestyleanddietarystatement": "Source of Calcium",
            "lifestyleclaim": "Vegetarian",
            "wool_dietaryclaim": "Free from artificial preservatives. Free from artificial flavour. Free from artificial colour",
            "boxedcontents": null,
            "suitablefor": "Vegetarian",
            "fragrance": null,
            "colour": null,
            "antioxidant": "False",
            "addedvitaminsandminerals": "False",
            "bpafree": "False",
            "sulfatefree": "False",
            "parabenfree": "False",
            "claims": null,
            "alcoholfree": null,
            "anti-dandruff": null,
            "dermatologicallyapproved": null,
            "dermatologistrecommended": null,
            "dermatologisttested": null,
            "fragrance-free": null,
            "haircolour": null,
            "hairtype": null,
            "hypo-allergenic": null,
            "non-comedogenic": null,
            "oilfree": null,
            "ophthalmologistapproved": null,
            "ophthalmologisttested": null,
            "paba-free": null,
            "skincondition": null,
            "skintype": null,
            "soap-free": null,
            "spf": null,
            "sweatresistant": null,
            "timer": null,
            "waterresistant": null,
            "phbalanced": null,
            "antiseptic": "False",
            "antibacterial": "False",
            "activeconstituents": null,
            "contains": null,
            "microwavesafe": "False",
            "productimagecount": "3",
            "friendlydisclaimer": null,
            "productimages": "57785.jpg,57785_1.jpg,57785_2.jpg",
            "healthstarrating": "3.5",
            "tgawarnings": null,
            "vendorarticleid": null,
            "vendorcostprice": null,
            "tgawarning": null,
            "PiesProductB2bDepartmentNodeId": "14_BADBC9B",
            "PiesProductB2bDepartmentsjson": "[{\"Id\":\"14_BADBC9B\",\"Description\":\"Fridge\"}]",
            "piesb2bdepartmentnamesjson": "[\"Fridge\"]",
            "piesb2bcategorynamesjson": "[\"Cream & Desserts\"]",
            "piesb2bsubcategorynamesjson": "[\"Custard & Other Desserts\"]"
          },
          "DetailsImagePaths": [
            "https://cdn0.woolworths.media/content/wowproductimages/large/057785.jpg",
            "https://cdn0.woolworths.media/content/wowproductimages/large/057785_1.jpg",
            "https://cdn0.woolworths.media/content/wowproductimages/large/057785_2.jpg"
          ],
          "Variety": "CUSTARD",
          "Rating": null,
          "HasProductSubs": false,
          "IsSponsoredAd": false,
          "AdID": null,
          "AdIndex": null,
          "ThirdPartyProductInfo": null,
          "MarketFeatures": null,
          "MarketSpecifications": null
        }
      ],
      "Name": "Woolworths Long Life Custard"
    },
    {
      "Products": [
        {
          "TileID": 0,
          "Stockcode": 79005,
          "Barcode": "9300633235185",
          "GtinFormat": 13,
          "CupPrice": 0.42,
          "InstoreCupPrice": 0.42,
          "CupMeasure": "100G",
          "CupString": "$0.42 / 100G",
          "InstoreCupString": "$0.42 / 100G",
          "HasCupPrice": true,
          "InstoreHasCupPrice": true,
          "Price": 1.9,
          "InstorePrice": 1.9,
          "Name": "Essentials Garlic Bread",
          "UrlFriendlyName": "essentials-garlic-bread",
          "Description": " Essentials Garlic Bread  450G",
          "SmallImageFile": "https://cdn0.woolworths.media/content/wowproductimages/small/079005.jpg",
          "MediumImageFile": "https://cdn0.woolworths.media/content/wowproductimages/medium/079005.jpg",
          "LargeImageFile": "https://cdn0.woolworths.media/content/wowproductimages/large/079005.jpg",
          "IsNew": false,
          "IsOnSpecial": false,
          "InstoreIsOnSpecial": false,
          "IsEdrSpecial": false,
          "SavingsAmount": 0,
          "InstoreSavingsAmount": 0,
          "WasPrice": 1.9,
          "InstoreWasPrice": 1.9,
          "QuantityInTrolley": 0,
          "Unit": "Each",
          "MinimumQuantity": 1,
          "HasBeenBoughtBefore": false,
          "IsInTrolley": false,
          "Source": "Aisle.DairyEggsFridge",
          "SupplyLimit": 36,
          "IsRanged": false,
          "IsInStock": true,
          "PackageSize": "450G",
          "IsPmDelivery": true,
          "IsForCollection": true,
          "IsForDelivery": true,
          "IsForExpress": false,
          "ProductRestrictionMessage": null,
          "ProductWarningMessage": null,
          "CentreTag": {
            "TagContent": null,
            "TagLink": null,
            "FallbackText": null,
            "TagType": "None",
            "MultibuyData": null
          },
          "IsCentreTag": false,
          "ImageTag": {
            "TagContent": null,
            "TagLink": null,
            "FallbackText": "",
            "TagType": "None",
            "MultibuyData": null
          },
          "HeaderTag": null,
          "HasHeaderTag": false,
          "UnitWeightInGrams": 465,
          "SupplyLimitMessage": "'Essentials Garlic Bread' has a supply limit of 36. The quantity in your cart has been reduced accordingly. To purchase a larger quantity, please contact us on 1800 000 610. Please note we do not supply trade orders.",
          "SmallFormatDescription": "Essentials Garlic Bread ",
          "FullDescription": "Essentials Garlic Bread ",
          "IsAvailable": true,
          "InstoreIsAvailable": true,
          "IsPurchasable": true,
          "InstoreIsPurchasable": true,
          "AgeRestricted": false,
          "DisplayQuantity": 1,
          "RichDescription": "Essentials garlic bread twin pack, bakes in 12 minutes",
          "IsDeliveryPass": false,
          "HideWasSavedPrice": false,
          "SapCategories": null,
          "Brand": "Essentials",
          "IsRestrictedByDeliveryMethod": false,
          "FooterTag": {
            "TagContent": null,
            "TagLink": null,
            "FallbackText": null,
            "TagType": "None",
            "MultibuyData": null
          },
          "IsFooterEnabled": true,
          "Diagnostics": "1746",
          "IsBundle": false,
          "IsInFamily": false,
          "ChildProducts": [],
          "UrlOverride": null,
          "AdditionalAttributes": {
            "sapdepartmentname": "FRESH CONVENIENCE",
            "sapdepartmentno": "10",
            "sapcategoryname": "DELI CONVENIENCE",
            "sapcategoryno": "2",
            "sapsubcategoryname": "DAIRY - QUICK & EASY MEALS",
            "sapsubcategoryno": "205",
            "sapsegmentname": "BREAD",
            "sapsegmentno": "1",
            "specialsgroupid": null,
            "PiesProductDepartmentNodeId": "1_6E4F4E4",
            "PiesProductDepartmentsjson": "[{\"Id\":\"1_6E4F4E4\",\"Description\":\"Dairy, Eggs & Fridge\"}]",
            "piesdepartmentnamesjson": "[\"Dairy, Eggs & Fridge\"]",
            "piescategorynamesjson": "[\"Ready to Eat Meals\"]",
            "piessubcategorynamesjson": "[\"Chilled Pizza & Bread\"]",
            "servingsize-total-nip": null,
            "servingsperpack-total-nip": null,
            "microwaveable": "False",
            "ovencook": "False",
            "vegetarian": "False",
            "freezable": "False",
            "containsnuts": "False",
            "containsgluten": "False",
            "description": "Essentials garlic bread twin pack, bakes in 12 minutes",
            "ingredients": "Bread (Wheat Flour, Water, Yeast, Iodised Salt, Canola Oil, Soy Flour, Acidity Regulator (262), Vitamins (Thiamin, Folate)), Margarine (14%) (Vegetable Oil (Palm), Water, Salt, Emulsifiers (322 From Soy, 471), Natural Flavour, Antioxidant (307b From Soy), Food Acid (330), Natural Colour (160a)), Garlic (1.8%), Sugar, Parsley (0.09%), Acidity Regulator (330).",
            "nutritionalinformation": "{\"Name\":\"Nutritional Information\",\"Attributes\":[{\"Id\":705,\"Name\":\"Carbohydrate Quantity Per 100g - Total - NIP\",\"Value\":\"41.9g\",\"Description\":\"Carbohydrate Quantity Per 100g - Total - NIP\",\"SortOrder\":83},{\"Id\":706,\"Name\":\"Carbohydrate Quantity Per Serve - Total - NIP\",\"Value\":\"23.5g\",\"Description\":\"Carbohydrate Quantity Per Serve - Total - NIP\",\"SortOrder\":87},{\"Id\":759,\"Name\":\"Energy kJ Quantity Per 100g - Total - NIP\",\"Value\":\"1310kJ\",\"Description\":\"Energy kJ Quantity Per 100g - Total - NIP\",\"SortOrder\":239},{\"Id\":760,\"Name\":\"Energy kJ Quantity Per Serve - Total - NIP\",\"Value\":\"734kJ\",\"Description\":\"Energy kJ Quantity Per Serve - Total - NIP\",\"SortOrder\":243},{\"Id\":253,\"Name\":\"Fat Saturated Quantity Per 100g - Total - NIP\",\"Value\":\"5.8g\",\"Description\":\"Fat Saturated Quantity Per 100g - Total - NIP\",\"SortOrder\":251},{\"Id\":258,\"Name\":\"Fat Saturated Quantity Per Serve - Total - NIP\",\"Value\":\"3.2g\",\"Description\":\"Fat Saturated Quantity Per Serve - Total - NIP\",\"SortOrder\":255},{\"Id\":764,\"Name\":\"Fat Total Quantity Per 100g - Total - NIP\",\"Value\":\"12.4g\",\"Description\":\"Fat Total Quantity Per 100g - Total - NIP\",\"SortOrder\":263},{\"Id\":264,\"Name\":\"Fat Total Quantity Per Serve - Total - NIP\",\"Value\":\"6.9g\",\"Description\":\"Fat Total Quantity Per Serve - Total - NIP\",\"SortOrder\":267},{\"Id\":878,\"Name\":\"Protein Quantity Per 100g - Total - NIP\",\"Value\":\"7.3g\",\"Description\":\"Protein Quantity Per 100g - Total - NIP\",\"SortOrder\":587},{\"Id\":882,\"Name\":\"Protein Quantity Per Serve - Total - NIP\",\"Value\":\"4.1g\",\"Description\":\"Protein Quantity Per Serve - Total - NIP\",\"SortOrder\":591},{\"Id\":477,\"Name\":\"Serving Size - Total - NIP\",\"Value\":\"56g (2 Slices)\",\"Description\":\"Serving Size - Total - NIP\",\"SortOrder\":607},{\"Id\":544,\"Name\":\"Servings Per Pack - Total - NIP\",\"Value\":\"8\",\"Description\":\"Servings Per Pack - Total - NIP\",\"SortOrder\":611},{\"Id\":491,\"Name\":\"Sodium Quantity Per 100g - Total - NIP\",\"Value\":\"596mg\",\"Description\":\"Sodium Quantity Per 100g - Total - NIP\",\"SortOrder\":623},{\"Id\":495,\"Name\":\"Sodium Quantity Per Serve - Total - NIP\",\"Value\":\"334mg\",\"Description\":\"Sodium Quantity Per Serve - Total - NIP\",\"SortOrder\":627},{\"Id\":907,\"Name\":\"Sugars Quantity Per 100g - Prefix - NIP\",\"Value\":\"\",\"Description\":\"Sugars Quantity Per 100g - Prefix - NIP\",\"SortOrder\":645},{\"Id\":908,\"Name\":\"Sugars Quantity Per 100g - SuffixUnits - NIP\",\"Value\":\"g\",\"Description\":\"Sugars Quantity Per 100g - SuffixUnits - NIP\",\"SortOrder\":646},{\"Id\":909,\"Name\":\"Sugars Quantity Per 100g - Total - NIP\",\"Value\":\"3.3g\",\"Description\":\"Sugars Quantity Per 100g - Total - NIP\",\"SortOrder\":647},{\"Id\":910,\"Name\":\"Sugars Quantity Per 100g - ValueWord - NIP\",\"Value\":\"3.3\",\"Description\":\"Sugars Quantity Per 100g - ValueWord - NIP\",\"SortOrder\":648},{\"Id\":504,\"Name\":\"Sugars Quantity Per Serve - Prefix - NIP\",\"Value\":\"\",\"Description\":\"Sugars Quantity Per Serve - Prefix - NIP\",\"SortOrder\":649},{\"Id\":911,\"Name\":\"Sugars Quantity Per Serve - SuffixUnits - NIP\",\"Value\":\"g\",\"Description\":\"Sugars Quantity Per Serve - SuffixUnits - NIP\",\"SortOrder\":650},{\"Id\":912,\"Name\":\"Sugars Quantity Per Serve - Total - NIP\",\"Value\":\"1.8g\",\"Description\":\"Sugars Quantity Per Serve - Total - NIP\",\"SortOrder\":651},{\"Id\":572,\"Name\":\"Sugars Quantity Per Serve - ValueWord - NIP\",\"Value\":\"1.8\",\"Description\":\"Sugars Quantity Per Serve - ValueWord - NIP\",\"SortOrder\":652}]}",
            "storageinstructions": "Keep refrigerated at 1-4°C",
            "usageinstructions": null,
            "brand": "essentials",
            "manufacturer": null,
            "countryoforigin": null,
            "productheightmm": null,
            "productwidthmm": null,
            "productdepthmm": null,
            "wool_productpackaging": null,
            "recyclableinformation": null,
            "importantinformation": null,
            "allergencontains": "Gluten, Soybean",
            "allergenmaybepresent": "Sesame Seeds",
            "allergystatement": "No Artificial Colours or Flavours",
            "lifestyleanddietarystatement": "Low Sugar",
            "lifestyleclaim": null,
            "wool_dietaryclaim": "No Artificial Colours, No Artificial Flavours",
            "boxedcontents": null,
            "suitablefor": null,
            "fragrance": null,
            "colour": null,
            "antioxidant": "False",
            "addedvitaminsandminerals": "False",
            "bpafree": "False",
            "sulfatefree": "False",
            "parabenfree": "False",
            "claims": null,
            "alcoholfree": null,
            "anti-dandruff": null,
            "dermatologicallyapproved": null,
            "dermatologistrecommended": null,
            "dermatologisttested": null,
            "fragrance-free": null,
            "haircolour": null,
            "hairtype": null,
            "hypo-allergenic": null,
            "non-comedogenic": null,
            "oilfree": null,
            "ophthalmologistapproved": null,
            "ophthalmologisttested": null,
            "paba-free": null,
            "skincondition": null,
            "skintype": null,
            "soap-free": null,
            "spf": null,
            "sweatresistant": null,
            "timer": null,
            "waterresistant": null,
            "phbalanced": null,
            "antiseptic": "False",
            "antibacterial": "False",
            "activeconstituents": null,
            "contains": null,
            "microwavesafe": "False",
            "productimagecount": "1",
            "friendlydisclaimer": null,
            "productimages": "79005.jpg",
            "healthstarrating": "2",
            "tgawarnings": null,
            "vendorarticleid": null,
            "vendorcostprice": null,
            "tgawarning": null,
            "PiesProductB2bDepartmentNodeId": "14_BADBC9B",
            "PiesProductB2bDepartmentsjson": "[{\"Id\":\"14_BADBC9B\",\"Description\":\"Fridge\"}]",
            "piesb2bdepartmentnamesjson": "[\"Fridge\"]",
            "piesb2bcategorynamesjson": "[\"Ready to Eat\"]",
            "piesb2bsubcategorynamesjson": "[\"Pizza & Bread\"]"
          },
          "DetailsImagePaths": [
            "https://cdn0.woolworths.media/content/wowproductimages/large/079005.jpg"
          ],
          "Variety": "",
          "Rating": null,
          "HasProductSubs": false,
          "IsSponsoredAd": false,
          "AdID": null,
          "AdIndex": null,
          "ThirdPartyProductInfo": null,
          "MarketFeatures": null,
          "MarketSpecifications": null
        }
      ],
      "Name": "Essentials Garlic Bread"
    },
    {
      "Products": [
        {
          "TileID": 0,
          "Stockcode": 84764,
          "Barcode": "9339687161959",
          "GtinFormat": 13,
          "CupPrice": null,
          "InstoreCupPrice": null,
          "CupMeasure": "1L",
          "CupString": "",
          "InstoreCupString": "",
          "HasCupPrice": false,
          "InstoreHasCupPrice": false,
          "Price": null,
          "InstorePrice": null,
          "Name": "Woolworths Evaporated Milk",
          "UrlFriendlyName": "woolworths-evaporated-milk",
          "Description": " Woolworths Evaporated Milk  385ml",
          "SmallImageFile": "https://cdn0.woolworths.media/content/wowproductimages/small/084764.jpg",
          "MediumImageFile": "https://cdn0.woolworths.media/content/wowproductimages/medium/084764.jpg",
          "LargeImageFile": "https://cdn0.woolworths.media/content/wowproductimages/large/084764.jpg",
          "IsNew": false,
          "IsOnSpecial": false,
          "InstoreIsOnSpecial": false,
          "IsEdrSpecial": false,
          "SavingsAmount": null,
          "InstoreSavingsAmount": null,
          "WasPrice": 0,
          "InstoreWasPrice": 0,
          "QuantityInTrolley": 0,
          "Unit": "Each",
          "MinimumQuantity": 1,
          "HasBeenBoughtBefore": false,
          "IsInTrolley": false,
          "Source": "Aisle.DairyEggsFridge",
          "SupplyLimit": 36,
          "IsRanged": true,
          "IsInStock": false,
          "PackageSize": "385ml",
          "IsPmDelivery": false,
          "IsForCollection": false,
          "IsForDelivery": false,
          "IsForExpress": false,
          "ProductRestrictionMessage": null,
          "ProductWarningMessage": null,
          "CentreTag": {
            "TagContent": null,
            "TagLink": null,
            "FallbackText": null,
            "TagType": "None",
            "MultibuyData": null
          },
          "IsCentreTag": false,
          "ImageTag": {
            "TagContent": null,
            "TagLink": null,
            "FallbackText": "",
            "TagType": "None",
            "MultibuyData": null
          },
          "HeaderTag": null,
          "HasHeaderTag": false,
          "UnitWeightInGrams": 442,
          "SupplyLimitMessage": "'Woolworths Evaporated Milk' has a supply limit of 36. The quantity in your cart has been reduced accordingly. To purchase a larger quantity, please contact us on 1800 000 610. Please note we do not supply trade orders.",
          "SmallFormatDescription": "Woolworths Evaporated Milk ",
          "FullDescription": "Woolworths Evaporated Milk ",
          "IsAvailable": false,
          "InstoreIsAvailable": false,
          "IsPurchasable": false,
          "InstoreIsPurchasable": false,
          "AgeRestricted": false,
          "DisplayQuantity": 1,
          "RichDescription": "Our creamy evaporated milk is perfect for using in sweet & savoury creations.",
          "IsDeliveryPass": false,
          "HideWasSavedPrice": false,
          "SapCategories": null,
          "Brand": "woolworths",
          "IsRestrictedByDeliveryMethod": false,
          "FooterTag": {
            "TagContent": null,
            "TagLink": null,
            "FallbackText": null,
            "TagType": "None",
            "MultibuyData": null
          },
          "IsFooterEnabled": false,
          "Diagnostics": "1747",
          "IsBundle": false,
          "IsInFamily": false,
          "ChildProducts": [],
          "UrlOverride": null,
          "AdditionalAttributes": {
            "sapdepartmentname": "GROCERIES",
            "sapdepartmentno": "5",
            "sapcategoryname": "BEVERAGES",
            "sapcategoryno": "57",
            "sapsubcategoryname": "LONGLIFE MILK & SOY DRINKS",
            "sapsubcategoryno": "3",
            "sapsegmentname": "EVAPORATED MILK",
            "sapsegmentno": "8",
            "specialsgroupid": null,
            "PiesProductDepartmentNodeId": "1_5AF3A0A",
            "PiesProductDepartmentsjson": "[{\"Id\":\"1_5AF3A0A\",\"Description\":\"Drinks\"},{\"Id\":\"1_6E4F4E4\",\"Description\":\"Dairy, Eggs & Fridge\"},{\"Id\":\"1_39FD49C\",\"Description\":\"Pantry\"}]",
            "piesdepartmentnamesjson": "[\"Drinks\",\"Dairy, Eggs & Fridge\",\"Pantry\"]",
            "piescategorynamesjson": "[\"Canned Food & Instant Meals\",\"Milk\",\"Long Life Milk\"]",
            "piessubcategorynamesjson": "[\"Condensed & Evaporated Milk\",\"Condensed, Evaporated & Coconut Milk\",\"Long Life Milk\"]",
            "servingsize-total-nip": null,
            "servingsperpack-total-nip": null,
            "microwaveable": "False",
            "ovencook": "False",
            "vegetarian": "False",
            "freezable": "False",
            "containsnuts": "False",
            "containsgluten": "False",
            "description": "Our creamy evaporated milk is perfect for using in sweet & savoury creations.",
            "ingredients": "Milk, Stabilisers (Potassium Citrate, 339, Carrageenan)",
            "nutritionalinformation": "{\"Name\":\"Nutritional Information\",\"Attributes\":[{\"Id\":705,\"Name\":\"Carbohydrate Quantity Per 100g - Total - NIP\",\"Value\":\"Approx.10.4g\",\"Description\":\"Carbohydrate Quantity Per 100g - Total - NIP\",\"SortOrder\":83},{\"Id\":706,\"Name\":\"Carbohydrate Quantity Per Serve - Total - NIP\",\"Value\":\"Approx.6.5g\",\"Description\":\"Carbohydrate Quantity Per Serve - Total - NIP\",\"SortOrder\":87},{\"Id\":759,\"Name\":\"Energy kJ Quantity Per 100g - Total - NIP\",\"Value\":\"Approx.619kJ\",\"Description\":\"Energy kJ Quantity Per 100g - Total - NIP\",\"SortOrder\":239},{\"Id\":760,\"Name\":\"Energy kJ Quantity Per Serve - Total - NIP\",\"Value\":\"Approx.387kJ\",\"Description\":\"Energy kJ Quantity Per Serve - Total - NIP\",\"SortOrder\":243},{\"Id\":253,\"Name\":\"Fat Saturated Quantity Per 100g - Total - NIP\",\"Value\":\"Approx.5.1g\",\"Description\":\"Fat Saturated Quantity Per 100g - Total - NIP\",\"SortOrder\":251},{\"Id\":258,\"Name\":\"Fat Saturated Quantity Per Serve - Total - NIP\",\"Value\":\"Approx.3.2g\",\"Description\":\"Fat Saturated Quantity Per Serve - Total - NIP\",\"SortOrder\":255},{\"Id\":764,\"Name\":\"Fat Total Quantity Per 100g - Total - NIP\",\"Value\":\"Approx.8.7g\",\"Description\":\"Fat Total Quantity Per 100g - Total - NIP\",\"SortOrder\":263},{\"Id\":264,\"Name\":\"Fat Total Quantity Per Serve - Total - NIP\",\"Value\":\"Approx.5.5g\",\"Description\":\"Fat Total Quantity Per Serve - Total - NIP\",\"SortOrder\":267},{\"Id\":878,\"Name\":\"Protein Quantity Per 100g - Total - NIP\",\"Value\":\"Approx.7.1g\",\"Description\":\"Protein Quantity Per 100g - Total - NIP\",\"SortOrder\":587},{\"Id\":882,\"Name\":\"Protein Quantity Per Serve - Total - NIP\",\"Value\":\"Approx.4.4g\",\"Description\":\"Protein Quantity Per Serve - Total - NIP\",\"SortOrder\":591},{\"Id\":477,\"Name\":\"Serving Size - Total - NIP\",\"Value\":\"62.5ml\",\"Description\":\"Serving Size - Total - NIP\",\"SortOrder\":607},{\"Id\":544,\"Name\":\"Servings Per Pack - Total - NIP\",\"Value\":\"6\",\"Description\":\"Servings Per Pack - Total - NIP\",\"SortOrder\":611},{\"Id\":491,\"Name\":\"Sodium Quantity Per 100g - Total - NIP\",\"Value\":\"Approx.105mg\",\"Description\":\"Sodium Quantity Per 100g - Total - NIP\",\"SortOrder\":623},{\"Id\":495,\"Name\":\"Sodium Quantity Per Serve - Total - NIP\",\"Value\":\"Approx.66mg\",\"Description\":\"Sodium Quantity Per Serve - Total - NIP\",\"SortOrder\":627},{\"Id\":907,\"Name\":\"Sugars Quantity Per 100g - Prefix - NIP\",\"Value\":\"Approx.\",\"Description\":\"Sugars Quantity Per 100g - Prefix - NIP\",\"SortOrder\":645},{\"Id\":908,\"Name\":\"Sugars Quantity Per 100g - SuffixUnits - NIP\",\"Value\":\"g\",\"Description\":\"Sugars Quantity Per 100g - SuffixUnits - NIP\",\"SortOrder\":646},{\"Id\":909,\"Name\":\"Sugars Quantity Per 100g - Total - NIP\",\"Value\":\"Approx.10.4g\",\"Description\":\"Sugars Quantity Per 100g - Total - NIP\",\"SortOrder\":647},{\"Id\":910,\"Name\":\"Sugars Quantity Per 100g - ValueWord - NIP\",\"Value\":\"10.4\",\"Description\":\"Sugars Quantity Per 100g - ValueWord - NIP\",\"SortOrder\":648},{\"Id\":504,\"Name\":\"Sugars Quantity Per Serve - Prefix - NIP\",\"Value\":\"Approx.\",\"Description\":\"Sugars Quantity Per Serve - Prefix - NIP\",\"SortOrder\":649},{\"Id\":911,\"Name\":\"Sugars Quantity Per Serve - SuffixUnits - NIP\",\"Value\":\"g\",\"Description\":\"Sugars Quantity Per Serve - SuffixUnits - NIP\",\"SortOrder\":650},{\"Id\":912,\"Name\":\"Sugars Quantity Per Serve - Total - NIP\",\"Value\":\"Approx.6.5g\",\"Description\":\"Sugars Quantity Per Serve - Total - NIP\",\"SortOrder\":651},{\"Id\":572,\"Name\":\"Sugars Quantity Per Serve - ValueWord - NIP\",\"Value\":\"6.5\",\"Description\":\"Sugars Quantity Per Serve - ValueWord - NIP\",\"SortOrder\":652}]}",
            "storageinstructions": null,
            "usageinstructions": null,
            "brand": "woolworths",
            "manufacturer": null,
            "countryoforigin": null,
            "productheightmm": null,
            "productwidthmm": null,
            "productdepthmm": null,
            "wool_productpackaging": null,
            "recyclableinformation": null,
            "importantinformation": null,
            "allergencontains": "Milk",
            "allergenmaybepresent": null,
            "allergystatement": null,
            "lifestyleanddietarystatement": null,
            "lifestyleclaim": "Vegetarian",
            "wool_dietaryclaim": "Free From Artificial Colour\rFree From Artificial Flavour\rFree From Artificial Preservatives",
            "boxedcontents": null,
            "suitablefor": "Vegetarian",
            "fragrance": null,
            "colour": null,
            "antioxidant": "False",
            "addedvitaminsandminerals": "False",
            "bpafree": "False",
            "sulfatefree": "False",
            "parabenfree": "False",
            "claims": null,
            "alcoholfree": null,
            "anti-dandruff": null,
            "dermatologicallyapproved": null,
            "dermatologistrecommended": null,
            "dermatologisttested": null,
            "fragrance-free": null,
            "haircolour": null,
            "hairtype": null,
            "hypo-allergenic": null,
            "non-comedogenic": null,
            "oilfree": null,
            "ophthalmologistapproved": null,
            "ophthalmologisttested": null,
            "paba-free": null,
            "skincondition": null,
            "skintype": null,
            "soap-free": null,
            "spf": null,
            "sweatresistant": null,
            "timer": null,
            "waterresistant": null,
            "phbalanced": null,
            "antiseptic": "False",
            "antibacterial": "False",
            "activeconstituents": null,
            "contains": null,
            "microwavesafe": "False",
            "productimagecount": "5",
            "friendlydisclaimer": null,
            "productimages": "84764.jpg,84764_2.jpg,84764_1.jpg,84764_4.jpg,84764_3.jpg",
            "healthstarrating": "1.5",
            "tgawarnings": null,
            "vendorarticleid": null,
            "vendorcostprice": null,
            "tgawarning": null
          },
          "DetailsImagePaths": [
            "https://cdn0.woolworths.media/content/wowproductimages/large/084764.jpg",
            "https://cdn0.woolworths.media/content/wowproductimages/large/084764_1.jpg",
            "https://cdn0.woolworths.media/content/wowproductimages/large/084764_2.jpg",
            "https://cdn0.woolworths.media/content/wowproductimages/large/084764_3.jpg",
            "https://cdn0.woolworths.media/content/wowproductimages/large/084764_4.jpg"
          ],
          "Variety": null,
          "Rating": {
            "ReviewCount": 0,
            "RatingCount": 0,
            "RatingSum": 0,
            "OneStarCount": 0,
            "TwoStarCount": 0,
            "ThreeStarCount": 0,
            "FourStarCount": 0,
            "FiveStarCount": 0,
            "Average": 0,
            "OneStarPercentage": 0,
            "TwoStarPercentage": 0,
            "ThreeStarPercentage": 0,
            "FourStarPercentage": 0,
            "FiveStarPercentage": 0
          },
          "HasProductSubs": false,
          "IsSponsoredAd": false,
          "AdID": null,
          "AdIndex": null,
          "ThirdPartyProductInfo": null,
          "MarketFeatures": null,
          "MarketSpecifications": null
        }
      ],
      "Name": "Woolworths Evaporated Milk"
    },
    {
      "Products": [
        {
          "TileID": 0,
          "Stockcode": 24318,
          "Barcode": "9300652510911",
          "GtinFormat": 13,
          "CupPrice": 1.9,
          "InstoreCupPrice": 1.9,
          "CupMeasure": "1L",
          "CupString": "$1.90 / 1L",
          "InstoreCupString": "$1.90 / 1L",
          "HasCupPrice": true,
          "InstoreHasCupPrice": true,
          "Price": 1.9,
          "InstorePrice": 1.9,
          "Name": "Sanitarium So Good Long Life Regular Soy Milk",
          "UrlFriendlyName": "sanitarium-so-good-long-life-regular-soy-milk",
          "Description": " Sanitarium So Good Long Life<br>Regular Soy Milk 1L",
          "SmallImageFile": "https://cdn0.woolworths.media/content/wowproductimages/small/024318.jpg",
          "MediumImageFile": "https://cdn0.woolworths.media/content/wowproductimages/medium/024318.jpg",
          "LargeImageFile": "https://cdn0.woolworths.media/content/wowproductimages/large/024318.jpg",
          "IsNew": false,
          "IsOnSpecial": false,
          "InstoreIsOnSpecial": false,
          "IsEdrSpecial": false,
          "SavingsAmount": 0,
          "InstoreSavingsAmount": 0,
          "WasPrice": 1.9,
          "InstoreWasPrice": 1.9,
          "QuantityInTrolley": 0,
          "Unit": "Each",
          "MinimumQuantity": 1,
          "HasBeenBoughtBefore": false,
          "IsInTrolley": false,
          "Source": "Aisle.DairyEggsFridge",
          "SupplyLimit": 36,
          "IsRanged": false,
          "IsInStock": true,
          "PackageSize": "1L",
          "IsPmDelivery": false,
          "IsForCollection": true,
          "IsForDelivery": true,
          "IsForExpress": false,
          "ProductRestrictionMessage": null,
          "ProductWarningMessage": null,
          "CentreTag": {
            "TagContent": null,
            "TagLink": null,
            "FallbackText": null,
            "TagType": "None",
            "MultibuyData": null
          },
          "IsCentreTag": false,
          "ImageTag": {
            "TagContent": null,
            "TagLink": null,
            "FallbackText": "",
            "TagType": "None",
            "MultibuyData": null
          },
          "HeaderTag": {
            "BackgroundColor": "#c20016",
            "BorderColor": "#c20016",
            "TextColor": "#fff",
            "Content": "Low price <span class=\"u-semibold\">always</span>",
            "TagLink": null,
            "Promotion": "LowPrice"
          },
          "HasHeaderTag": true,
          "UnitWeightInGrams": 1066,
          "SupplyLimitMessage": "'Sanitarium So Good Long Life Regular Soy Milk' has a supply limit of 36. The quantity in your cart has been reduced accordingly. To purchase a larger quantity, please contact us on 1800 000 610. Please note we do not supply trade orders.",
          "SmallFormatDescription": "Sanitarium So Good Long Life Regular Soy Milk",
          "FullDescription": "Sanitarium So Good Long Life Regular Soy Milk",
          "IsAvailable": true,
          "InstoreIsAvailable": true,
          "IsPurchasable": true,
          "InstoreIsPurchasable": true,
          "AgeRestricted": false,
          "DisplayQuantity": 1,
          "RichDescription": "<p>Sanitarium So Good Soy Milk Regular is a long life dairy free milk alternative<br/><br/></p><p>So Good™ Regular soy milk is a nutritious and delicious creamy milk made from soy. With protein and essential minerals, it’s naturally lactose and cholesterol free. And with the added benefit of half your daily calcium and vitamin D in one glass, So Good™ Regular may be the milk for your body and your life.</p><p>So Good™ Regular (and Essential) is low in saturated fat, sugars and sodium, plus it contains protein.  These are important factors which contribute to the 5 star rating that So Good Regular achieves.</p><p>Contains:<br />Half your daily Calcium<br />Source of Protein<br />Vitamins and Minerals<br />Low GI*<br />Non GM soy#</p><p>Naturally free from:<br />Lactose<br />Gluten<br />Cholesterol</p><p>Head to the dairy free aisle to pick up your So Good on your next shop. <br /><br /> * Low GI foods have a GI below 55</p><p>#So Good™ uses soy protein that is Identity Preserved. Identity Preserved means that every stage from seed to supermarket is controlled, to maintain segregation and minimise the possibility of mixing Identity Preserved soybeans with any genetically modified soybeans.</p>",
          "IsDeliveryPass": false,
          "HideWasSavedPrice": false,
          "SapCategories": null,
          "Brand": "Sanitarium",
          "IsRestrictedByDeliveryMethod": false,
          "FooterTag": {
            "TagContent": "<div class=\"productTag-lowerpricealways\" style=\"\r\nheight:46px;\r\nposition:absolute;\r\ntop:-2px;\r\nleft:0;\r\nwidth:100%;\r\nbackground:#c20016;\r\ntext-align:center;\r\n\">\r\n<img src=\"https://wowpmediaaae.azureedge.net/content/content/lpa_footer_img2.png\" width=\"166px\" height=\"13px\" alt=\"Lower Price Always\" style=\"display:inline-block; margin-top:15px;\">\r\n</div>\r\n<style>\r\n.cardViewCompact wow-shelf-product:not(.override-global-size) .card:not(.is-smallFormat).shelfProductStamp .productTag-lowerpricealways img{\r\n                max-width: 90%;\r\n}\r\n</style>",
            "TagLink": null,
            "FallbackText": null,
            "TagType": "Html",
            "MultibuyData": null
          },
          "IsFooterEnabled": true,
          "Diagnostics": "1748",
          "IsBundle": false,
          "IsInFamily": false,
          "ChildProducts": [],
          "UrlOverride": null,
          "AdditionalAttributes": {
            "sapdepartmentname": "GROCERIES",
            "sapdepartmentno": "5",
            "sapcategoryname": "BEVERAGES",
            "sapcategoryno": "57",
            "sapsubcategoryname": "LONGLIFE MILK & SOY DRINKS",
            "sapsubcategoryno": "3",
            "sapsegmentname": "LONG LIFE MILK - SOY",
            "sapsegmentno": "3",
            "specialsgroupid": null,
            "PiesProductDepartmentNodeId": "1_6E4F4E4",
            "PiesProductDepartmentsjson": "[{\"Id\":\"1_6E4F4E4\",\"Description\":\"Dairy, Eggs & Fridge\"},{\"Id\":\"1_5AF3A0A\",\"Description\":\"Drinks\"}]",
            "piesdepartmentnamesjson": "[\"Dairy, Eggs & Fridge\",\"Drinks\"]",
            "piescategorynamesjson": "[\"Long Life Milk\",\"Milk\"]",
            "piessubcategorynamesjson": "[\"Soy Milk\",\"Soy & Speciality Milk\",\"Long Life Milk\"]",
            "servingsize-total-nip": null,
            "servingsperpack-total-nip": null,
            "microwaveable": "False",
            "ovencook": "False",
            "vegetarian": "False",
            "freezable": "False",
            "containsnuts": "False",
            "containsgluten": "False",
            "description": "<p>Sanitarium So Good Soy Milk Regular is a long life dairy free milk alternative<br/><br/></p><p>So Good™ Regular soy milk is a nutritious and delicious creamy milk made from soy. With protein and essential minerals, it’s naturally lactose and cholesterol free. And with the added benefit of half your daily calcium and vitamin D in one glass, So Good™ Regular may be the milk for your body and your life.</p><p>So Good™ Regular (and Essential) is low in saturated fat, sugars and sodium, plus it contains protein.  These are important factors which contribute to the 5 star rating that So Good Regular achieves.</p><p>Contains:<br />Half your daily Calcium<br />Source of Protein<br />Vitamins and Minerals<br />Low GI*<br />Non GM soy#</p><p>Naturally free from:<br />Lactose<br />Gluten<br />Cholesterol</p><p>Head to the dairy free aisle to pick up your So Good on your next shop. <br /><br /> * Low GI foods have a GI below 55</p><p>#So Good™ uses soy protein that is Identity Preserved. Identity Preserved means that every stage from seed to supermarket is controlled, to maintain segregation and minimise the possibility of mixing Identity Preserved soybeans with any genetically modified soybeans.</p>",
            "ingredients": "Filtered Water, Soy Protein (3.5%), Corn Maltodextrin, Vegetable Oils (Sunflower, Canola), Cane Sugar, Minerals (Calcium, Phosphorus, Magnesium), Acidity Regulators (332, 450), Antioxidant (Ascorbic Acid), Vitamins (A, B12, D2, B2, B1), Natural Flavour. All ingredients are of non-animal origin.",
            "nutritionalinformation": "{\"Name\":\"Nutritional Information\",\"Attributes\":[{\"Id\":705,\"Name\":\"Carbohydrate Quantity Per 100g - Total - NIP\",\"Value\":\"5.1g\",\"Description\":\"Carbohydrate Quantity Per 100g - Total - NIP\",\"SortOrder\":83},{\"Id\":706,\"Name\":\"Carbohydrate Quantity Per Serve - Total - NIP\",\"Value\":\"12.8g\",\"Description\":\"Carbohydrate Quantity Per Serve - Total - NIP\",\"SortOrder\":87},{\"Id\":759,\"Name\":\"Energy kJ Quantity Per 100g - Total - NIP\",\"Value\":\"273kJ\",\"Description\":\"Energy kJ Quantity Per 100g - Total - NIP\",\"SortOrder\":239},{\"Id\":760,\"Name\":\"Energy kJ Quantity Per Serve - Total - NIP\",\"Value\":\"683kJ\",\"Description\":\"Energy kJ Quantity Per Serve - Total - NIP\",\"SortOrder\":243},{\"Id\":253,\"Name\":\"Fat Saturated Quantity Per 100g - Total - NIP\",\"Value\":\"0.4g\",\"Description\":\"Fat Saturated Quantity Per 100g - Total - NIP\",\"SortOrder\":251},{\"Id\":258,\"Name\":\"Fat Saturated Quantity Per Serve - Total - NIP\",\"Value\":\"1.0g\",\"Description\":\"Fat Saturated Quantity Per Serve - Total - NIP\",\"SortOrder\":255},{\"Id\":764,\"Name\":\"Fat Total Quantity Per 100g - Total - NIP\",\"Value\":\"3.5g\",\"Description\":\"Fat Total Quantity Per 100g - Total - NIP\",\"SortOrder\":263},{\"Id\":264,\"Name\":\"Fat Total Quantity Per Serve - Total - NIP\",\"Value\":\"8.8g\",\"Description\":\"Fat Total Quantity Per Serve - Total - NIP\",\"SortOrder\":267},{\"Id\":878,\"Name\":\"Protein Quantity Per 100g - Total - NIP\",\"Value\":\"3.2g\",\"Description\":\"Protein Quantity Per 100g - Total - NIP\",\"SortOrder\":587},{\"Id\":882,\"Name\":\"Protein Quantity Per Serve - Total - NIP\",\"Value\":\"8.0g\",\"Description\":\"Protein Quantity Per Serve - Total - NIP\",\"SortOrder\":591},{\"Id\":477,\"Name\":\"Serving Size - Total - NIP\",\"Value\":\"250mL\",\"Description\":\"Serving Size - Total - NIP\",\"SortOrder\":607},{\"Id\":544,\"Name\":\"Servings Per Pack - Total - NIP\",\"Value\":\"4\",\"Description\":\"Servings Per Pack - Total - NIP\",\"SortOrder\":611},{\"Id\":491,\"Name\":\"Sodium Quantity Per 100g - Total - NIP\",\"Value\":\"40mg\",\"Description\":\"Sodium Quantity Per 100g - Total - NIP\",\"SortOrder\":623},{\"Id\":495,\"Name\":\"Sodium Quantity Per Serve - Total - NIP\",\"Value\":\"100mg\",\"Description\":\"Sodium Quantity Per Serve - Total - NIP\",\"SortOrder\":627},{\"Id\":907,\"Name\":\"Sugars Quantity Per 100g - Prefix - NIP\",\"Value\":\"\",\"Description\":\"Sugars Quantity Per 100g - Prefix - NIP\",\"SortOrder\":645},{\"Id\":908,\"Name\":\"Sugars Quantity Per 100g - SuffixUnits - NIP\",\"Value\":\"g\",\"Description\":\"Sugars Quantity Per 100g - SuffixUnits - NIP\",\"SortOrder\":646},{\"Id\":909,\"Name\":\"Sugars Quantity Per 100g - Total - NIP\",\"Value\":\"2.0g\",\"Description\":\"Sugars Quantity Per 100g - Total - NIP\",\"SortOrder\":647},{\"Id\":910,\"Name\":\"Sugars Quantity Per 100g - ValueWord - NIP\",\"Value\":\"2.0\",\"Description\":\"Sugars Quantity Per 100g - ValueWord - NIP\",\"SortOrder\":648},{\"Id\":504,\"Name\":\"Sugars Quantity Per Serve - Prefix - NIP\",\"Value\":\"\",\"Description\":\"Sugars Quantity Per Serve - Prefix - NIP\",\"SortOrder\":649},{\"Id\":911,\"Name\":\"Sugars Quantity Per Serve - SuffixUnits - NIP\",\"Value\":\"g\",\"Description\":\"Sugars Quantity Per Serve - SuffixUnits - NIP\",\"SortOrder\":650},{\"Id\":912,\"Name\":\"Sugars Quantity Per Serve - Total - NIP\",\"Value\":\"5.0g\",\"Description\":\"Sugars Quantity Per Serve - Total - NIP\",\"SortOrder\":651},{\"Id\":572,\"Name\":\"Sugars Quantity Per Serve - ValueWord - NIP\",\"Value\":\"5.0\",\"Description\":\"Sugars Quantity Per Serve - ValueWord - NIP\",\"SortOrder\":652}]}",
            "storageinstructions": "Chill me now!<br>Refrigerate after opening. Use within 5 days.",
            "usageinstructions": null,
            "brand": "sanitarium",
            "manufacturer": null,
            "countryoforigin": null,
            "productheightmm": null,
            "productwidthmm": null,
            "productdepthmm": null,
            "wool_productpackaging": null,
            "recyclableinformation": null,
            "importantinformation": null,
            "allergencontains": "Soy",
            "allergenmaybepresent": null,
            "allergystatement": "Wheat Free",
            "lifestyleanddietarystatement": "Low Saturated Fat",
            "lifestyleclaim": "Gluten Free",
            "wool_dietaryclaim": "Low GI, Added Vitamins and Minerals, Source of Calcium, Source of Protein",
            "boxedcontents": null,
            "suitablefor": null,
            "fragrance": null,
            "colour": null,
            "antioxidant": "False",
            "addedvitaminsandminerals": "False",
            "bpafree": "False",
            "sulfatefree": "False",
            "parabenfree": "False",
            "claims": null,
            "alcoholfree": null,
            "anti-dandruff": null,
            "dermatologicallyapproved": null,
            "dermatologistrecommended": null,
            "dermatologisttested": null,
            "fragrance-free": null,
            "haircolour": null,
            "hairtype": null,
            "hypo-allergenic": null,
            "non-comedogenic": null,
            "oilfree": null,
            "ophthalmologistapproved": null,
            "ophthalmologisttested": null,
            "paba-free": null,
            "skincondition": null,
            "skintype": null,
            "soap-free": null,
            "spf": null,
            "sweatresistant": null,
            "timer": null,
            "waterresistant": null,
            "phbalanced": null,
            "antiseptic": "False",
            "antibacterial": "False",
            "activeconstituents": null,
            "contains": null,
            "microwavesafe": "False",
            "productimagecount": "7",
            "friendlydisclaimer": null,
            "productimages": "24318.jpg,24318_1.jpg,24318_2.jpg,24318_3.jpg,24318_4.jpg,24318_5.jpg,24318_6.jpg",
            "healthstarrating": "5",
            "tgawarnings": null,
            "vendorarticleid": null,
            "vendorcostprice": null,
            "tgawarning": null,
            "PiesProductB2bDepartmentNodeId": "14_BADBC9B",
            "PiesProductB2bDepartmentsjson": "[{\"Id\":\"14_BADBC9B\",\"Description\":\"Fridge\"},{\"Id\":\"14_7A6B58C\",\"Description\":\"Drinks\"},{\"Id\":\"14_AB10757\",\"Description\":\"Coffee & Tea\"}]",
            "piesb2bdepartmentnamesjson": "[\"Fridge\",\"Drinks\",\"Coffee & Tea\"]",
            "piesb2bcategorynamesjson": "[\"Milk\",\"Chilled Milk\",\"Chilled Milk\",\"Long Life Milk\",\"Long-life Milk\"]",
            "piesb2bsubcategorynamesjson": "[\"Soy & Speciality Milk\",\"Soy & Specialty Milk\",\"Soy & Specialty Milk\",\"Almond, Soy & Specialty Milk\",\"Almond, Soy & Specialty Milk\"]"
          },
          "DetailsImagePaths": [
            "https://cdn0.woolworths.media/content/wowproductimages/large/024318.jpg",
            "https://cdn0.woolworths.media/content/wowproductimages/large/024318_1.jpg",
            "https://cdn0.woolworths.media/content/wowproductimages/large/024318_2.jpg",
            "https://cdn0.woolworths.media/content/wowproductimages/large/024318_3.jpg",
            "https://cdn0.woolworths.media/content/wowproductimages/large/024318_4.jpg",
            "https://cdn0.woolworths.media/content/wowproductimages/large/024318_5.jpg",
            "https://cdn0.woolworths.media/content/wowproductimages/large/024318_6.jpg"
          ],
          "Variety": "Soy Milk",
          "Rating": null,
          "HasProductSubs": false,
          "IsSponsoredAd": false,
          "AdID": null,
          "AdIndex": null,
          "ThirdPartyProductInfo": null,
          "MarketFeatures": null,
          "MarketSpecifications": null
        }
      ],
      "Name": "Sanitarium So Good Long Life Regular Soy Milk"
    },
    {
      "Products": [
        {
          "TileID": 0,
          "Stockcode": 838737,
          "Barcode": "9300633700430",
          "GtinFormat": 13,
          "CupPrice": 0.63,
          "InstoreCupPrice": 0.63,
          "CupMeasure": "100ML",
          "CupString": "$0.63 / 100ML",
          "InstoreCupString": "$0.63 / 100ML",
          "HasCupPrice": true,
          "InstoreHasCupPrice": true,
          "Price": 1.9,
          "InstorePrice": 1.9,
          "Name": "Woolworths Light Thickened Cream",
          "UrlFriendlyName": "woolworths-light-thickened-cream",
          "Description": " Woolworths Light Thickened<br>Cream 300ML",
          "SmallImageFile": "https://cdn0.woolworths.media/content/wowproductimages/small/838737.jpg",
          "MediumImageFile": "https://cdn0.woolworths.media/content/wowproductimages/medium/838737.jpg",
          "LargeImageFile": "https://cdn0.woolworths.media/content/wowproductimages/large/838737.jpg",
          "IsNew": false,
          "IsOnSpecial": false,
          "InstoreIsOnSpecial": false,
          "IsEdrSpecial": false,
          "SavingsAmount": 0,
          "InstoreSavingsAmount": 0,
          "WasPrice": 1.9,
          "InstoreWasPrice": 1.9,
          "QuantityInTrolley": 0,
          "Unit": "Each",
          "MinimumQuantity": 1,
          "HasBeenBoughtBefore": false,
          "IsInTrolley": false,
          "Source": "Aisle.DairyEggsFridge",
          "SupplyLimit": 36,
          "IsRanged": false,
          "IsInStock": true,
          "PackageSize": "300ML",
          "IsPmDelivery": true,
          "IsForCollection": true,
          "IsForDelivery": true,
          "IsForExpress": false,
          "ProductRestrictionMessage": null,
          "ProductWarningMessage": null,
          "CentreTag": {
            "TagContent": null,
            "TagLink": null,
            "FallbackText": null,
            "TagType": "None",
            "MultibuyData": null
          },
          "IsCentreTag": false,
          "ImageTag": {
            "TagContent": null,
            "TagLink": null,
            "FallbackText": "",
            "TagType": "None",
            "MultibuyData": null
          },
          "HeaderTag": null,
          "HasHeaderTag": false,
          "UnitWeightInGrams": 318,
          "SupplyLimitMessage": "'Woolworths Light Thickened Cream' has a supply limit of 36. The quantity in your cart has been reduced accordingly. To purchase a larger quantity, please contact us on 1800 000 610. Please note we do not supply trade orders.",
          "SmallFormatDescription": "Woolworths Light Thickened Cream",
          "FullDescription": "Woolworths Light Thickened Cream",
          "IsAvailable": true,
          "InstoreIsAvailable": true,
          "IsPurchasable": true,
          "InstoreIsPurchasable": true,
          "AgeRestricted": false,
          "DisplayQuantity": 1,
          "RichDescription": "<div>Light1 Thickened Cream<br>1 Contains 48% less fat than Woolworths Thickened Cream.</div>",
          "IsDeliveryPass": false,
          "HideWasSavedPrice": false,
          "SapCategories": null,
          "Brand": "Woolworths",
          "IsRestrictedByDeliveryMethod": false,
          "FooterTag": {
            "TagContent": null,
            "TagLink": null,
            "FallbackText": null,
            "TagType": "None",
            "MultibuyData": null
          },
          "IsFooterEnabled": true,
          "Diagnostics": "1749",
          "IsBundle": false,
          "IsInFamily": false,
          "ChildProducts": [],
          "UrlOverride": null,
          "AdditionalAttributes": {
            "sapdepartmentname": "FRESH CONVENIENCE",
            "sapdepartmentno": "10",
            "sapcategoryname": "DAIRY - CREAM",
            "sapcategoryno": "28",
            "sapsubcategoryname": "DAIRY - CREAM",
            "sapsubcategoryno": "551",
            "sapsegmentname": "CREAM THICKENED 300ML & UNDER",
            "sapsegmentno": "4",
            "specialsgroupid": null,
            "PiesProductDepartmentNodeId": "1_6E4F4E4",
            "PiesProductDepartmentsjson": "[{\"Id\":\"1_6E4F4E4\",\"Description\":\"Dairy, Eggs & Fridge\"}]",
            "piesdepartmentnamesjson": "[\"Dairy, Eggs & Fridge\"]",
            "piescategorynamesjson": "[\"Cream, Custard & Desserts\"]",
            "piessubcategorynamesjson": "[\"Cream\"]",
            "servingsize-total-nip": null,
            "servingsperpack-total-nip": null,
            "microwaveable": "False",
            "ovencook": "False",
            "vegetarian": "False",
            "freezable": "False",
            "containsnuts": "False",
            "containsgluten": "False",
            "description": "<div>Light1 Thickened Cream<br>1 Contains 48% less fat than Woolworths Thickened Cream.</div>",
            "ingredients": "<div>Skimmed Milk, Cream, Thickeners (Carrageenan, Guar Gum), This product contains 18% Milk Fat</div>",
            "nutritionalinformation": "{\"Name\":\"Nutritional Information\",\"Attributes\":[{\"Id\":705,\"Name\":\"Carbohydrate Quantity Per 100g - Total - NIP\",\"Value\":\"Approx. 3.7g\",\"Description\":\"Carbohydrate Quantity Per 100g - Total - NIP\",\"SortOrder\":83},{\"Id\":706,\"Name\":\"Carbohydrate Quantity Per Serve - Total - NIP\",\"Value\":\"Approx. 1g\",\"Description\":\"Carbohydrate Quantity Per Serve - Total - NIP\",\"SortOrder\":87},{\"Id\":759,\"Name\":\"Energy kJ Quantity Per 100g - Total - NIP\",\"Value\":\"Approx. 784kJ\",\"Description\":\"Energy kJ Quantity Per 100g - Total - NIP\",\"SortOrder\":239},{\"Id\":760,\"Name\":\"Energy kJ Quantity Per Serve - Total - NIP\",\"Value\":\"Approx. 157kJ\",\"Description\":\"Energy kJ Quantity Per Serve - Total - NIP\",\"SortOrder\":243},{\"Id\":253,\"Name\":\"Fat Saturated Quantity Per 100g - Total - NIP\",\"Value\":\"Approx. 12.9g\",\"Description\":\"Fat Saturated Quantity Per 100g - Total - NIP\",\"SortOrder\":251},{\"Id\":258,\"Name\":\"Fat Saturated Quantity Per Serve - Total - NIP\",\"Value\":\"Approx. 2.6g\",\"Description\":\"Fat Saturated Quantity Per Serve - Total - NIP\",\"SortOrder\":255},{\"Id\":764,\"Name\":\"Fat Total Quantity Per 100g - Total - NIP\",\"Value\":\"Approx. 18.2g\",\"Description\":\"Fat Total Quantity Per 100g - Total - NIP\",\"SortOrder\":263},{\"Id\":264,\"Name\":\"Fat Total Quantity Per Serve - Total - NIP\",\"Value\":\"Approx. 3.6g\",\"Description\":\"Fat Total Quantity Per Serve - Total - NIP\",\"SortOrder\":267},{\"Id\":878,\"Name\":\"Protein Quantity Per 100g - Total - NIP\",\"Value\":\"Approx. 2.8g\",\"Description\":\"Protein Quantity Per 100g - Total - NIP\",\"SortOrder\":587},{\"Id\":882,\"Name\":\"Protein Quantity Per Serve - Total - NIP\",\"Value\":\"Approx. 1g\",\"Description\":\"Protein Quantity Per Serve - Total - NIP\",\"SortOrder\":591},{\"Id\":477,\"Name\":\"Serving Size - Total - NIP\",\"Value\":\"20ml\",\"Description\":\"Serving Size - Total - NIP\",\"SortOrder\":607},{\"Id\":544,\"Name\":\"Servings Per Pack - Total - NIP\",\"Value\":\"15\",\"Description\":\"Servings Per Pack - Total - NIP\",\"SortOrder\":611},{\"Id\":491,\"Name\":\"Sodium Quantity Per 100g - Total - NIP\",\"Value\":\"Approx. 32mg\",\"Description\":\"Sodium Quantity Per 100g - Total - NIP\",\"SortOrder\":623},{\"Id\":495,\"Name\":\"Sodium Quantity Per Serve - Total - NIP\",\"Value\":\"Approx. 6mg\",\"Description\":\"Sodium Quantity Per Serve - Total - NIP\",\"SortOrder\":627},{\"Id\":907,\"Name\":\"Sugars Quantity Per 100g - Prefix - NIP\",\"Value\":\"Approx. \",\"Description\":\"Sugars Quantity Per 100g - Prefix - NIP\",\"SortOrder\":645},{\"Id\":908,\"Name\":\"Sugars Quantity Per 100g - SuffixUnits - NIP\",\"Value\":\"g\",\"Description\":\"Sugars Quantity Per 100g - SuffixUnits - NIP\",\"SortOrder\":646},{\"Id\":909,\"Name\":\"Sugars Quantity Per 100g - Total - NIP\",\"Value\":\"Approx. 3.4g\",\"Description\":\"Sugars Quantity Per 100g - Total - NIP\",\"SortOrder\":647},{\"Id\":910,\"Name\":\"Sugars Quantity Per 100g - ValueWord - NIP\",\"Value\":\"3.4\",\"Description\":\"Sugars Quantity Per 100g - ValueWord - NIP\",\"SortOrder\":648},{\"Id\":504,\"Name\":\"Sugars Quantity Per Serve - Prefix - NIP\",\"Value\":\"Approx. \",\"Description\":\"Sugars Quantity Per Serve - Prefix - NIP\",\"SortOrder\":649},{\"Id\":911,\"Name\":\"Sugars Quantity Per Serve - SuffixUnits - NIP\",\"Value\":\"g\",\"Description\":\"Sugars Quantity Per Serve - SuffixUnits - NIP\",\"SortOrder\":650},{\"Id\":912,\"Name\":\"Sugars Quantity Per Serve - Total - NIP\",\"Value\":\"Approx. 1g\",\"Description\":\"Sugars Quantity Per Serve - Total - NIP\",\"SortOrder\":651},{\"Id\":572,\"Name\":\"Sugars Quantity Per Serve - ValueWord - NIP\",\"Value\":\"1\",\"Description\":\"Sugars Quantity Per Serve - ValueWord - NIP\",\"SortOrder\":652}]}",
            "storageinstructions": "Keep Refrigerated",
            "usageinstructions": null,
            "brand": "woolworths",
            "manufacturer": null,
            "countryoforigin": null,
            "productheightmm": null,
            "productwidthmm": null,
            "productdepthmm": null,
            "wool_productpackaging": null,
            "recyclableinformation": null,
            "importantinformation": null,
            "allergencontains": "Milk",
            "allergenmaybepresent": null,
            "allergystatement": "Gluten Free",
            "lifestyleanddietarystatement": "Vegetarian",
            "lifestyleclaim": null,
            "wool_dietaryclaim": "Free from artificial colour. Free from artificial preservatives. Free from artificial flavour",
            "boxedcontents": null,
            "suitablefor": null,
            "fragrance": null,
            "colour": null,
            "antioxidant": "False",
            "addedvitaminsandminerals": "False",
            "bpafree": "False",
            "sulfatefree": "False",
            "parabenfree": "False",
            "claims": null,
            "alcoholfree": null,
            "anti-dandruff": null,
            "dermatologicallyapproved": null,
            "dermatologistrecommended": null,
            "dermatologisttested": null,
            "fragrance-free": null,
            "haircolour": null,
            "hairtype": null,
            "hypo-allergenic": null,
            "non-comedogenic": null,
            "oilfree": null,
            "ophthalmologistapproved": null,
            "ophthalmologisttested": null,
            "paba-free": null,
            "skincondition": null,
            "skintype": null,
            "soap-free": null,
            "spf": null,
            "sweatresistant": null,
            "timer": null,
            "waterresistant": null,
            "phbalanced": null,
            "antiseptic": "False",
            "antibacterial": "False",
            "activeconstituents": null,
            "contains": null,
            "microwavesafe": "False",
            "productimagecount": "4",
            "friendlydisclaimer": null,
            "productimages": "838737.jpg,838737_1.jpg,838737_2.jpg,838737_3.jpg",
            "healthstarrating": "2",
            "tgawarnings": null,
            "vendorarticleid": null,
            "vendorcostprice": null,
            "tgawarning": null,
            "PiesProductB2bDepartmentNodeId": "14_BADBC9B",
            "PiesProductB2bDepartmentsjson": "[{\"Id\":\"14_BADBC9B\",\"Description\":\"Fridge\"}]",
            "piesb2bdepartmentnamesjson": "[\"Fridge\"]",
            "piesb2bcategorynamesjson": "[\"Cream & Desserts\"]",
            "piesb2bsubcategorynamesjson": "[\"Cream\"]"
          },
          "DetailsImagePaths": [
            "https://cdn0.woolworths.media/content/wowproductimages/large/838737.jpg",
            "https://cdn0.woolworths.media/content/wowproductimages/large/838737_1.jpg",
            "https://cdn0.woolworths.media/content/wowproductimages/large/838737_2.jpg",
            "https://cdn0.woolworths.media/content/wowproductimages/large/838737_3.jpg"
          ],
          "Variety": "THICKENED CREAM",
          "Rating": null,
          "HasProductSubs": false,
          "IsSponsoredAd": false,
          "AdID": null,
          "AdIndex": null,
          "ThirdPartyProductInfo": null,
          "MarketFeatures": null,
          "MarketSpecifications": null
        }
      ],
      "Name": "Woolworths Light Thickened Cream"
    },
    {
      "Products": [
        {
          "TileID": 0,
          "Stockcode": 853119,
          "Barcode": "9352576000283",
          "GtinFormat": 13,
          "CupPrice": 6.33,
          "InstoreCupPrice": 6.33,
          "CupMeasure": "1KG",
          "CupString": "$6.33 / 1KG",
          "InstoreCupString": "$6.33 / 1KG",
          "HasCupPrice": true,
          "InstoreHasCupPrice": true,
          "Price": 1.9,
          "InstorePrice": 1.9,
          "Name": "Mc Yee Noodles Gow Gee",
          "UrlFriendlyName": "mc-yee-noodles-gow-gee",
          "Description": " Mc Yee Noodles Gow Gee 300g",
          "SmallImageFile": "https://cdn0.woolworths.media/content/wowproductimages/small/853119.jpg",
          "MediumImageFile": "https://cdn0.woolworths.media/content/wowproductimages/medium/853119.jpg",
          "LargeImageFile": "https://cdn0.woolworths.media/content/wowproductimages/large/853119.jpg",
          "IsNew": false,
          "IsOnSpecial": false,
          "InstoreIsOnSpecial": false,
          "IsEdrSpecial": false,
          "SavingsAmount": 0,
          "InstoreSavingsAmount": 0,
          "WasPrice": 1.9,
          "InstoreWasPrice": 1.9,
          "QuantityInTrolley": 0,
          "Unit": "Each",
          "MinimumQuantity": 1,
          "HasBeenBoughtBefore": false,
          "IsInTrolley": false,
          "Source": "Aisle.DairyEggsFridge",
          "SupplyLimit": 36,
          "IsRanged": false,
          "IsInStock": true,
          "PackageSize": "300g",
          "IsPmDelivery": true,
          "IsForCollection": true,
          "IsForDelivery": true,
          "IsForExpress": false,
          "ProductRestrictionMessage": null,
          "ProductWarningMessage": null,
          "CentreTag": {
            "TagContent": null,
            "TagLink": null,
            "FallbackText": null,
            "TagType": "None",
            "MultibuyData": null
          },
          "IsCentreTag": false,
          "ImageTag": {
            "TagContent": null,
            "TagLink": null,
            "FallbackText": "",
            "TagType": "None",
            "MultibuyData": null
          },
          "HeaderTag": null,
          "HasHeaderTag": false,
          "UnitWeightInGrams": 300,
          "SupplyLimitMessage": "'Mc Yee Noodles Gow Gee' has a supply limit of 36. The quantity in your cart has been reduced accordingly. To purchase a larger quantity, please contact us on 1800 000 610. Please note we do not supply trade orders.",
          "SmallFormatDescription": "Mc Yee Noodles Gow Gee",
          "FullDescription": "Mc Yee Noodles Gow Gee",
          "IsAvailable": true,
          "InstoreIsAvailable": true,
          "IsPurchasable": true,
          "InstoreIsPurchasable": true,
          "AgeRestricted": false,
          "DisplayQuantity": 1,
          "RichDescription": null,
          "IsDeliveryPass": false,
          "HideWasSavedPrice": false,
          "SapCategories": null,
          "Brand": "mc yee",
          "IsRestrictedByDeliveryMethod": false,
          "FooterTag": {
            "TagContent": null,
            "TagLink": null,
            "FallbackText": null,
            "TagType": "None",
            "MultibuyData": null
          },
          "IsFooterEnabled": true,
          "Diagnostics": "1750",
          "IsBundle": false,
          "IsInFamily": false,
          "ChildProducts": [],
          "UrlOverride": null,
          "AdditionalAttributes": {
            "sapdepartmentname": "FRESH CONVENIENCE",
            "sapdepartmentno": "10",
            "sapcategoryname": "DAIRY - QUICK & EASY MEALS",
            "sapcategoryno": "14",
            "sapsubcategoryname": "DAIRY - ETHNIC",
            "sapsubcategoryno": "857",
            "sapsegmentname": "CHILLED ASIAN",
            "sapsegmentno": "1",
            "specialsgroupid": null,
            "PiesProductDepartmentNodeId": "1_6E4F4E4",
            "PiesProductDepartmentsjson": "[{\"Id\":\"1_6E4F4E4\",\"Description\":\"Dairy, Eggs & Fridge\"}]",
            "piesdepartmentnamesjson": "[\"Dairy, Eggs & Fridge\"]",
            "piescategorynamesjson": "[\"International Foods\"]",
            "piessubcategorynamesjson": "[\"Chilled Asian\"]",
            "servingsize-total-nip": null,
            "servingsperpack-total-nip": null,
            "microwaveable": "False",
            "ovencook": "False",
            "vegetarian": "False",
            "freezable": "False",
            "containsnuts": "False",
            "containsgluten": "False",
            "description": null,
            "ingredients": null,
            "nutritionalinformation": null,
            "storageinstructions": null,
            "usageinstructions": null,
            "brand": "mc yee",
            "manufacturer": null,
            "countryoforigin": null,
            "productheightmm": null,
            "productwidthmm": null,
            "productdepthmm": null,
            "wool_productpackaging": null,
            "recyclableinformation": null,
            "importantinformation": null,
            "allergencontains": null,
            "allergenmaybepresent": null,
            "allergystatement": null,
            "lifestyleanddietarystatement": null,
            "lifestyleclaim": null,
            "wool_dietaryclaim": null,
            "boxedcontents": null,
            "suitablefor": null,
            "fragrance": null,
            "colour": null,
            "antioxidant": "False",
            "addedvitaminsandminerals": "False",
            "bpafree": "False",
            "sulfatefree": "False",
            "parabenfree": "False",
            "claims": null,
            "alcoholfree": null,
            "anti-dandruff": null,
            "dermatologicallyapproved": null,
            "dermatologistrecommended": null,
            "dermatologisttested": null,
            "fragrance-free": null,
            "haircolour": null,
            "hairtype": null,
            "hypo-allergenic": null,
            "non-comedogenic": null,
            "oilfree": null,
            "ophthalmologistapproved": null,
            "ophthalmologisttested": null,
            "paba-free": null,
            "skincondition": null,
            "skintype": null,
            "soap-free": null,
            "spf": null,
            "sweatresistant": null,
            "timer": null,
            "waterresistant": null,
            "phbalanced": null,
            "antiseptic": "False",
            "antibacterial": "False",
            "activeconstituents": null,
            "contains": null,
            "microwavesafe": "False",
            "productimagecount": "1",
            "friendlydisclaimer": null,
            "productimages": "853119.jpg",
            "healthstarrating": "0",
            "tgawarnings": null,
            "vendorarticleid": null,
            "vendorcostprice": null,
            "tgawarning": null
          },
          "DetailsImagePaths": [
            "https://cdn0.woolworths.media/content/wowproductimages/large/853119.jpg"
          ],
          "Variety": "gee",
          "Rating": {
            "ReviewCount": 0,
            "RatingCount": 0,
            "RatingSum": 0,
            "OneStarCount": 0,
            "TwoStarCount": 0,
            "ThreeStarCount": 0,
            "FourStarCount": 0,
            "FiveStarCount": 0,
            "Average": 0,
            "OneStarPercentage": 0,
            "TwoStarPercentage": 0,
            "ThreeStarPercentage": 0,
            "FourStarPercentage": 0,
            "FiveStarPercentage": 0
          },
          "HasProductSubs": false,
          "IsSponsoredAd": false,
          "AdID": null,
          "AdIndex": null,
          "ThirdPartyProductInfo": null,
          "MarketFeatures": null,
          "MarketSpecifications": null
        }
      ],
      "Name": "Mc Yee Noodles Gow Gee"
    },
    {
      "Products": [
        {
          "TileID": 0,
          "Stockcode": 855574,
          "Barcode": "9352576000252",
          "GtinFormat": 13,
          "CupPrice": 6.33,
          "InstoreCupPrice": 6.33,
          "CupMeasure": "1KG",
          "CupString": "$6.33 / 1KG",
          "InstoreCupString": "$6.33 / 1KG",
          "HasCupPrice": true,
          "InstoreHasCupPrice": true,
          "Price": 1.9,
          "InstorePrice": 1.9,
          "Name": "Mc Yee Noodles Wonton",
          "UrlFriendlyName": "mc-yee-noodles-wonton",
          "Description": " Mc Yee Noodles Wonton  300g",
          "SmallImageFile": "https://cdn0.woolworths.media/content/wowproductimages/small/855574.jpg",
          "MediumImageFile": "https://cdn0.woolworths.media/content/wowproductimages/medium/855574.jpg",
          "LargeImageFile": "https://cdn0.woolworths.media/content/wowproductimages/large/855574.jpg",
          "IsNew": false,
          "IsOnSpecial": false,
          "InstoreIsOnSpecial": false,
          "IsEdrSpecial": false,
          "SavingsAmount": 0,
          "InstoreSavingsAmount": 0,
          "WasPrice": 1.9,
          "InstoreWasPrice": 1.9,
          "QuantityInTrolley": 0,
          "Unit": "Each",
          "MinimumQuantity": 1,
          "HasBeenBoughtBefore": false,
          "IsInTrolley": false,
          "Source": "Aisle.DairyEggsFridge",
          "SupplyLimit": 36,
          "IsRanged": false,
          "IsInStock": true,
          "PackageSize": "300g",
          "IsPmDelivery": true,
          "IsForCollection": true,
          "IsForDelivery": true,
          "IsForExpress": false,
          "ProductRestrictionMessage": null,
          "ProductWarningMessage": null,
          "CentreTag": {
            "TagContent": null,
            "TagLink": null,
            "FallbackText": null,
            "TagType": "None",
            "MultibuyData": null
          },
          "IsCentreTag": false,
          "ImageTag": {
            "TagContent": null,
            "TagLink": null,
            "FallbackText": "",
            "TagType": "None",
            "MultibuyData": null
          },
          "HeaderTag": null,
          "HasHeaderTag": false,
          "UnitWeightInGrams": 300,
          "SupplyLimitMessage": "'Mc Yee Noodles Wonton' has a supply limit of 36. The quantity in your cart has been reduced accordingly. To purchase a larger quantity, please contact us on 1800 000 610. Please note we do not supply trade orders.",
          "SmallFormatDescription": "Mc Yee Noodles Wonton ",
          "FullDescription": "Mc Yee Noodles Wonton ",
          "IsAvailable": true,
          "InstoreIsAvailable": true,
          "IsPurchasable": true,
          "InstoreIsPurchasable": true,
          "AgeRestricted": false,
          "DisplayQuantity": 1,
          "RichDescription": null,
          "IsDeliveryPass": false,
          "HideWasSavedPrice": false,
          "SapCategories": null,
          "Brand": "mc yee",
          "IsRestrictedByDeliveryMethod": false,
          "FooterTag": {
            "TagContent": null,
            "TagLink": null,
            "FallbackText": null,
            "TagType": "None",
            "MultibuyData": null
          },
          "IsFooterEnabled": true,
          "Diagnostics": "1751",
          "IsBundle": false,
          "IsInFamily": false,
          "ChildProducts": [],
          "UrlOverride": null,
          "AdditionalAttributes": {
            "sapdepartmentname": "FRESH CONVENIENCE",
            "sapdepartmentno": "10",
            "sapcategoryname": "DAIRY - QUICK & EASY MEALS",
            "sapcategoryno": "14",
            "sapsubcategoryname": "DAIRY - ETHNIC",
            "sapsubcategoryno": "857",
            "sapsegmentname": "CHILLED ASIAN",
            "sapsegmentno": "1",
            "specialsgroupid": null,
            "PiesProductDepartmentNodeId": "1_6E4F4E4",
            "PiesProductDepartmentsjson": "[{\"Id\":\"1_6E4F4E4\",\"Description\":\"Dairy, Eggs & Fridge\"}]",
            "piesdepartmentnamesjson": "[\"Dairy, Eggs & Fridge\"]",
            "piescategorynamesjson": "[\"International Foods\"]",
            "piessubcategorynamesjson": "[\"Chilled Asian\"]",
            "servingsize-total-nip": null,
            "servingsperpack-total-nip": null,
            "microwaveable": "False",
            "ovencook": "False",
            "vegetarian": "False",
            "freezable": "False",
            "containsnuts": "False",
            "containsgluten": "False",
            "description": null,
            "ingredients": null,
            "nutritionalinformation": null,
            "storageinstructions": null,
            "usageinstructions": null,
            "brand": "mc yee",
            "manufacturer": null,
            "countryoforigin": null,
            "productheightmm": null,
            "productwidthmm": null,
            "productdepthmm": null,
            "wool_productpackaging": null,
            "recyclableinformation": null,
            "importantinformation": null,
            "allergencontains": null,
            "allergenmaybepresent": null,
            "allergystatement": null,
            "lifestyleanddietarystatement": null,
            "lifestyleclaim": null,
            "wool_dietaryclaim": null,
            "boxedcontents": null,
            "suitablefor": null,
            "fragrance": null,
            "colour": null,
            "antioxidant": "False",
            "addedvitaminsandminerals": "False",
            "bpafree": "False",
            "sulfatefree": "False",
            "parabenfree": "False",
            "claims": null,
            "alcoholfree": null,
            "anti-dandruff": null,
            "dermatologicallyapproved": null,
            "dermatologistrecommended": null,
            "dermatologisttested": null,
            "fragrance-free": null,
            "haircolour": null,
            "hairtype": null,
            "hypo-allergenic": null,
            "non-comedogenic": null,
            "oilfree": null,
            "ophthalmologistapproved": null,
            "ophthalmologisttested": null,
            "paba-free": null,
            "skincondition": null,
            "skintype": null,
            "soap-free": null,
            "spf": null,
            "sweatresistant": null,
            "timer": null,
            "waterresistant": null,
            "phbalanced": null,
            "antiseptic": "False",
            "antibacterial": "False",
            "activeconstituents": null,
            "contains": null,
            "microwavesafe": "False",
            "productimagecount": "1",
            "friendlydisclaimer": null,
            "productimages": "855574.jpg",
            "healthstarrating": "0",
            "tgawarnings": null,
            "vendorarticleid": null,
            "vendorcostprice": null,
            "tgawarning": null
          },
          "DetailsImagePaths": [
            "https://cdn0.woolworths.media/content/wowproductimages/large/855574.jpg"
          ],
          "Variety": "",
          "Rating": {
            "ReviewCount": 0,
            "RatingCount": 0,
            "RatingSum": 0,
            "OneStarCount": 0,
            "TwoStarCount": 0,
            "ThreeStarCount": 0,
            "FourStarCount": 0,
            "FiveStarCount": 0,
            "Average": 0,
            "OneStarPercentage": 0,
            "TwoStarPercentage": 0,
            "ThreeStarPercentage": 0,
            "FourStarPercentage": 0,
            "FiveStarPercentage": 0
          },
          "HasProductSubs": false,
          "IsSponsoredAd": false,
          "AdID": null,
          "AdIndex": null,
          "ThirdPartyProductInfo": null,
          "MarketFeatures": null,
          "MarketSpecifications": null
        }
      ],
      "Name": "Mc Yee Noodles Wonton"
    }
  ],
  "TotalRecordCount": 1862,
  "UpperDynamicContent": null,
  "LowerDynamicContent": null,
  "RichRelevancePlacement": {
    "placement_name": null,
    "message": null,
    "Products": [],
    "Items": [],
    "StockcodesForDiscover": []
  },
  "Aggregations": [
    {
      "Name": "Brand",
      "DisplayName": "Brand",
      "Type": "Multi",
      "FilterType": "Term",
      "FilterDataType": "String",
      "Results": null,
      "ResultsGrouped": [
        {
          "Alphabet": "0-9",
          "Filters": []
        },
        {
          "Alphabet": "A",
          "Filters": [
            {
              "Name": "A2",
              "Term": "A2",
              "ExtraOutputFields": {},
              "Min": null,
              "Max": null,
              "Applied": false,
              "Count": 8,
              "Statement": null,
              "DisplayCoachMarks": false
            },
            {
              "Name": "A2 Milk",
              "Term": "A2 Milk",
              "ExtraOutputFields": {},
              "Min": null,
              "Max": null,
              "Applied": false,
              "Count": 1,
              "Statement": null,
              "DisplayCoachMarks": false
            },
            {
              "Name": "Activia",
              "Term": "Activia",
              "ExtraOutputFields": {},
              "Min": null,
              "Max": null,
              "Applied": false,
              "Count": 3,
              "Statement": null,
              "DisplayCoachMarks": false
            },
            {
              "Name": "Alambra",
              "Term": "Alambra",
              "ExtraOutputFields": {},
              "Min": null,
              "Max": null,
              "Applied": false,
              "Count": 2,
              "Statement": null,
              "DisplayCoachMarks": false
            },
            {
              "Name": "All Mighty Bruce",
              "Term": "All Mighty Bruce",
              "ExtraOutputFields": {},
              "Min": null,
              "Max": null,
              "Applied": false,
              "Count": 1,
              "Statement": null,
              "DisplayCoachMarks": false
            },
            {
              "Name": "Allowrie",
              "Term": "Allowrie",
              "ExtraOutputFields": {},
              "Min": null,
              "Max": null,
              "Applied": false,
              "Count": 2,
              "Statement": null,
              "DisplayCoachMarks": false
            },
            {
              "Name": "Allure By Tempo",
              "Term": "Allure By Tempo",
              "ExtraOutputFields": {},
              "Min": null,
              "Max": null,
              "Applied": false,
              "Count": 1,
              "Statement": null,
              "DisplayCoachMarks": false
            },
            {
              "Name": "Almond Breeze",
              "Term": "Almond Breeze",
              "ExtraOutputFields": {},
              "Min": null,
              "Max": null,
              "Applied": false,
              "Count": 5,
              "Statement": null,
              "DisplayCoachMarks": false
            },
            {
              "Name": "Angas Park",
              "Term": "Angas Park",
              "ExtraOutputFields": {},
              "Min": null,
              "Max": null,
              "Applied": false,
              "Count": 2,
              "Statement": null,
              "DisplayCoachMarks": false
            },
            {
              "Name": "Antoniou",
              "Term": "Antoniou",
              "ExtraOutputFields": {},
              "Min": null,
              "Max": null,
              "Applied": false,
              "Count": 1,
              "Statement": null,
              "DisplayCoachMarks": false
            },
            {
              "Name": "Australia's Own",
              "Term": "Australia's Own",
              "ExtraOutputFields": {},
              "Min": null,
              "Max": null,
              "Applied": false,
              "Count": 13,
              "Statement": null,
              "DisplayCoachMarks": false
            }
          ]
        },
        {
          "Alphabet": "B",
          "Filters": [
            {
              "Name": "Babushka",
              "Term": "Babushka",
              "ExtraOutputFields": {},
              "Min": null,
              "Max": null,
              "Applied": false,
              "Count": 2,
              "Statement": null,
              "DisplayCoachMarks": false
            },
            {
              "Name": "Babybel",
              "Term": "Babybel",
              "ExtraOutputFields": {},
              "Min": null,
              "Max": null,
              "Applied": false,
              "Count": 4,
              "Statement": null,
              "DisplayCoachMarks": false
            },
            {
              "Name": "Banquet",
              "Term": "Banquet",
              "ExtraOutputFields": {},
              "Min": null,
              "Max": null,
              "Applied": false,
              "Count": 1,
              "Statement": null,
              "DisplayCoachMarks": false
            },
            {
              "Name": "Barista Bros",
              "Term": "Barista Bros",
              "ExtraOutputFields": {},
              "Min": null,
              "Max": null,
              "Applied": false,
              "Count": 2,
              "Statement": null,
              "DisplayCoachMarks": false
            },
            {
              "Name": "Bean Supreme",
              "Term": "Bean Supreme",
              "ExtraOutputFields": {},
              "Min": null,
              "Max": null,
              "Applied": false,
              "Count": 4,
              "Statement": null,
              "DisplayCoachMarks": false
            },
            {
              "Name": "Bega",
              "Term": "Bega",
              "ExtraOutputFields": {},
              "Min": null,
              "Max": null,
              "Applied": false,
              "Count": 18,
              "Statement": null,
              "DisplayCoachMarks": false
            },
            {
              "Name": "Bekaa",
              "Term": "Bekaa",
              "ExtraOutputFields": {},
              "Min": null,
              "Max": null,
              "Applied": false,
              "Count": 2,
              "Statement": null,
              "DisplayCoachMarks": false
            },
            {
              "Name": "Bertolli",
              "Term": "Bertolli",
              "ExtraOutputFields": {},
              "Min": null,
              "Max": null,
              "Applied": false,
              "Count": 4,
              "Statement": null,
              "DisplayCoachMarks": false
            },
            {
              "Name": "Big M",
              "Term": "Big M",
              "ExtraOutputFields": {},
              "Min": null,
              "Max": null,
              "Applied": false,
              "Count": 1,
              "Statement": null,
              "DisplayCoachMarks": false
            },
            {
              "Name": "Bio Cheese",
              "Term": "Bio Cheese",
              "ExtraOutputFields": {},
              "Min": null,
              "Max": null,
              "Applied": false,
              "Count": 5,
              "Statement": null,
              "DisplayCoachMarks": false
            },
            {
              "Name": "Blue Diamond",
              "Term": "Blue Diamond",
              "ExtraOutputFields": {},
              "Min": null,
              "Max": null,
              "Applied": false,
              "Count": 1,
              "Statement": null,
              "DisplayCoachMarks": false
            },
            {
              "Name": "Bonsoy",
              "Term": "Bonsoy",
              "ExtraOutputFields": {},
              "Min": null,
              "Max": null,
              "Applied": false,
              "Count": 2,
              "Statement": null,
              "DisplayCoachMarks": false
            },
            {
              "Name": "Boursin",
              "Term": "Boursin",
              "ExtraOutputFields": {},
              "Min": null,
              "Max": null,
              "Applied": false,
              "Count": 1,
              "Statement": null,
              "DisplayCoachMarks": false
            },
            {
              "Name": "Brancourts",
              "Term": "Brancourts",
              "ExtraOutputFields": {},
              "Min": null,
              "Max": null,
              "Applied": false,
              "Count": 4,
              "Statement": null,
              "DisplayCoachMarks": false
            },
            {
              "Name": "Brownes",
              "Term": "Brownes",
              "ExtraOutputFields": {},
              "Min": null,
              "Max": null,
              "Applied": false,
              "Count": 4,
              "Statement": null,
              "DisplayCoachMarks": false
            },
            {
              "Name": "Bulla",
              "Term": "Bulla",
              "ExtraOutputFields": {},
              "Min": null,
              "Max": null,
              "Applied": false,
              "Count": 14,
              "Statement": null,
              "DisplayCoachMarks": false
            }
          ]
        },
        {
          "Alphabet": "C",
          "Filters": [
            {
              "Name": "Califia Farms",
              "Term": "Califia Farms",
              "ExtraOutputFields": {},
              "Min": null,
              "Max": null,
              "Applied": false,
              "Count": 3,
              "Statement": null,
              "DisplayCoachMarks": false
            },
            {
              "Name": "Caprilac",
              "Term": "Caprilac",
              "ExtraOutputFields": {},
              "Min": null,
              "Max": null,
              "Applied": false,
              "Count": 1,
              "Statement": null,
              "DisplayCoachMarks": false
            },
            {
              "Name": "Casa Leonardi",
              "Term": "Casa Leonardi",
              "ExtraOutputFields": {},
              "Min": null,
              "Max": null,
              "Applied": false,
              "Count": 1,
              "Statement": null,
              "DisplayCoachMarks": false
            },
            {
              "Name": "Castello",
              "Term": "Castello",
              "ExtraOutputFields": {},
              "Min": null,
              "Max": null,
              "Applied": false,
              "Count": 15,
              "Statement": null,
              "DisplayCoachMarks": false
            },
            {
              "Name": "Chan's Yum Cha",
              "Term": "Chan's Yum Cha",
              "ExtraOutputFields": {},
              "Min": null,
              "Max": null,
              "Applied": false,
              "Count": 3,
              "Statement": null,
              "DisplayCoachMarks": false
            },
            {
              "Name": "Chobani",
              "Term": "Chobani",
              "ExtraOutputFields": {},
              "Min": null,
              "Max": null,
              "Applied": false,
              "Count": 36,
              "Statement": null,
              "DisplayCoachMarks": false
            },
            {
              "Name": "Chris'",
              "Term": "Chris'",
              "ExtraOutputFields": {},
              "Min": null,
              "Max": null,
              "Applied": false,
              "Count": 36,
              "Statement": null,
              "DisplayCoachMarks": false
            },
            {
              "Name": "Chrystal Fresh",
              "Term": "Chrystal Fresh",
              "ExtraOutputFields": {},
              "Min": null,
              "Max": null,
              "Applied": false,
              "Count": 1,
              "Statement": null,
              "DisplayCoachMarks": false
            },
            {
              "Name": "Cocobella",
              "Term": "Cocobella",
              "ExtraOutputFields": {},
              "Min": null,
              "Max": null,
              "Applied": false,
              "Count": 8,
              "Statement": null,
              "DisplayCoachMarks": false
            },
            {
              "Name": "Coon",
              "Term": "Coon",
              "ExtraOutputFields": {},
              "Min": null,
              "Max": null,
              "Applied": false,
              "Count": 11,
              "Statement": null,
              "DisplayCoachMarks": false
            },
            {
              "Name": "Copha",
              "Term": "Copha",
              "ExtraOutputFields": {},
              "Min": null,
              "Max": null,
              "Applied": false,
              "Count": 1,
              "Statement": null,
              "DisplayCoachMarks": false
            },
            {
              "Name": "Coyo",
              "Term": "Coyo",
              "ExtraOutputFields": {},
              "Min": null,
              "Max": null,
              "Applied": false,
              "Count": 1,
              "Statement": null,
              "DisplayCoachMarks": false
            },
            {
              "Name": "COYO",
              "Term": "COYO",
              "ExtraOutputFields": {},
              "Min": null,
              "Max": null,
              "Applied": false,
              "Count": 1,
              "Statement": null,
              "DisplayCoachMarks": false
            },
            {
              "Name": "Cracker Barrel",
              "Term": "Cracker Barrel",
              "ExtraOutputFields": {},
              "Min": null,
              "Max": null,
              "Applied": false,
              "Count": 8,
              "Statement": null,
              "DisplayCoachMarks": false
            },
            {
              "Name": "Creative Foods",
              "Term": "Creative Foods",
              "ExtraOutputFields": {},
              "Min": null,
              "Max": null,
              "Applied": false,
              "Count": 1,
              "Statement": null,
              "DisplayCoachMarks": false
            }
          ]
        },
        {
          "Alphabet": "D",
          "Filters": [
            {
              "Name": "Dairy Farmers",
              "Term": "Dairy Farmers",
              "ExtraOutputFields": {},
              "Min": null,
              "Max": null,
              "Applied": false,
              "Count": 35,
              "Statement": null,
              "DisplayCoachMarks": false
            },
            {
              "Name": "Dairylea",
              "Term": "Dairylea",
              "ExtraOutputFields": {},
              "Min": null,
              "Max": null,
              "Applied": false,
              "Count": 5,
              "Statement": null,
              "DisplayCoachMarks": false
            },
            {
              "Name": "Dairyworks",
              "Term": "Dairyworks",
              "ExtraOutputFields": {},
              "Min": null,
              "Max": null,
              "Applied": false,
              "Count": 17,
              "Statement": null,
              "DisplayCoachMarks": false
            },
            {
              "Name": "Daly Potato Co.",
              "Term": "Daly Potato Co.",
              "ExtraOutputFields": {},
              "Min": null,
              "Max": null,
              "Applied": false,
              "Count": 1,
              "Statement": null,
              "DisplayCoachMarks": false
            },
            {
              "Name": "Danone",
              "Term": "Danone",
              "ExtraOutputFields": {},
              "Min": null,
              "Max": null,
              "Applied": false,
              "Count": 40,
              "Statement": null,
              "DisplayCoachMarks": false
            },
            {
              "Name": "Dare",
              "Term": "Dare",
              "ExtraOutputFields": {},
              "Min": null,
              "Max": null,
              "Applied": false,
              "Count": 12,
              "Statement": null,
              "DisplayCoachMarks": false
            },
            {
              "Name": "Darikay",
              "Term": "Darikay",
              "ExtraOutputFields": {},
              "Min": null,
              "Max": null,
              "Applied": false,
              "Count": 9,
              "Statement": null,
              "DisplayCoachMarks": false
            },
            {
              "Name": "Della Rosa",
              "Term": "Della Rosa",
              "ExtraOutputFields": {},
              "Min": null,
              "Max": null,
              "Applied": false,
              "Count": 13,
              "Statement": null,
              "DisplayCoachMarks": false
            },
            {
              "Name": "Devondale",
              "Term": "Devondale",
              "ExtraOutputFields": {},
              "Min": null,
              "Max": null,
              "Applied": false,
              "Count": 19,
              "Statement": null,
              "DisplayCoachMarks": false
            },
            {
              "Name": "Diploma",
              "Term": "Diploma",
              "ExtraOutputFields": {},
              "Min": null,
              "Max": null,
              "Applied": false,
              "Count": 1,
              "Statement": null,
              "DisplayCoachMarks": false
            },
            {
              "Name": "Divine Classic",
              "Term": "Divine Classic",
              "ExtraOutputFields": {},
              "Min": null,
              "Max": null,
              "Applied": false,
              "Count": 1,
              "Statement": null,
              "DisplayCoachMarks": false
            },
            {
              "Name": "Dodoni",
              "Term": "Dodoni",
              "ExtraOutputFields": {},
              "Min": null,
              "Max": null,
              "Applied": false,
              "Count": 5,
              "Statement": null,
              "DisplayCoachMarks": false
            }
          ]
        },
        {
          "Alphabet": "E",
          "Filters": [
            {
              "Name": "Easiyo",
              "Term": "Easiyo",
              "ExtraOutputFields": {},
              "Min": null,
              "Max": null,
              "Applied": false,
              "Count": 11,
              "Statement": null,
              "DisplayCoachMarks": false
            },
            {
              "Name": "EasiYo",
              "Term": "EasiYo",
              "ExtraOutputFields": {},
              "Min": null,
              "Max": null,
              "Applied": false,
              "Count": 1,
              "Statement": null,
              "DisplayCoachMarks": false
            },
            {
              "Name": "Eskal",
              "Term": "Eskal",
              "ExtraOutputFields": {},
              "Min": null,
              "Max": null,
              "Applied": false,
              "Count": 6,
              "Statement": null,
              "DisplayCoachMarks": false
            },
            {
              "Name": "Essentials",
              "Term": "Essentials",
              "ExtraOutputFields": {},
              "Min": null,
              "Max": null,
              "Applied": false,
              "Count": 9,
              "Statement": null,
              "DisplayCoachMarks": false
            },
            {
              "Name": "Ever Green",
              "Term": "Ever Green",
              "ExtraOutputFields": {},
              "Min": null,
              "Max": null,
              "Applied": false,
              "Count": 2,
              "Statement": null,
              "DisplayCoachMarks": false
            },
            {
              "Name": "Evergreen",
              "Term": "Evergreen",
              "ExtraOutputFields": {},
              "Min": null,
              "Max": null,
              "Applied": false,
              "Count": 16,
              "Statement": null,
              "DisplayCoachMarks": false
            },
            {
              "Name": "Evia",
              "Term": "Evia",
              "ExtraOutputFields": {},
              "Min": null,
              "Max": null,
              "Applied": false,
              "Count": 5,
              "Statement": null,
              "DisplayCoachMarks": false
            }
          ]
        },
        {
          "Alphabet": "F",
          "Filters": [
            {
              "Name": "Fable",
              "Term": "Fable",
              "ExtraOutputFields": {},
              "Min": null,
              "Max": null,
              "Applied": false,
              "Count": 4,
              "Statement": null,
              "DisplayCoachMarks": false
            },
            {
              "Name": "Fairy",
              "Term": "Fairy",
              "ExtraOutputFields": {},
              "Min": null,
              "Max": null,
              "Applied": false,
              "Count": 1,
              "Statement": null,
              "DisplayCoachMarks": false
            },
            {
              "Name": "Fancy Plants",
              "Term": "Fancy Plants",
              "ExtraOutputFields": {},
              "Min": null,
              "Max": null,
              "Applied": false,
              "Count": 2,
              "Statement": null,
              "DisplayCoachMarks": false
            },
            {
              "Name": "Fantastic",
              "Term": "Fantastic",
              "ExtraOutputFields": {},
              "Min": null,
              "Max": null,
              "Applied": false,
              "Count": 2,
              "Statement": null,
              "DisplayCoachMarks": false
            },
            {
              "Name": "Farmers Own",
              "Term": "Farmers Own",
              "ExtraOutputFields": {},
              "Min": null,
              "Max": null,
              "Applied": false,
              "Count": 6,
              "Statement": null,
              "DisplayCoachMarks": false
            },
            {
              "Name": "Farmers Union",
              "Term": "Farmers Union",
              "ExtraOutputFields": {},
              "Min": null,
              "Max": null,
              "Applied": false,
              "Count": 16,
              "Statement": null,
              "DisplayCoachMarks": false
            },
            {
              "Name": "Farmhouse Gold",
              "Term": "Farmhouse Gold",
              "ExtraOutputFields": {},
              "Min": null,
              "Max": null,
              "Applied": false,
              "Count": 1,
              "Statement": null,
              "DisplayCoachMarks": false
            },
            {
              "Name": "Fifya",
              "Term": "Fifya",
              "ExtraOutputFields": {},
              "Min": null,
              "Max": null,
              "Applied": false,
              "Count": 2,
              "Statement": null,
              "DisplayCoachMarks": false
            },
            {
              "Name": "First Press",
              "Term": "First Press",
              "ExtraOutputFields": {},
              "Min": null,
              "Max": null,
              "Applied": false,
              "Count": 2,
              "Statement": null,
              "DisplayCoachMarks": false
            },
            {
              "Name": "Five:Am",
              "Term": "Five:Am",
              "ExtraOutputFields": {},
              "Min": null,
              "Max": null,
              "Applied": false,
              "Count": 9,
              "Statement": null,
              "DisplayCoachMarks": false
            },
            {
              "Name": "Flora",
              "Term": "Flora",
              "ExtraOutputFields": {},
              "Min": null,
              "Max": null,
              "Applied": false,
              "Count": 19,
              "Statement": null,
              "DisplayCoachMarks": false
            },
            {
              "Name": "Foster Clark's",
              "Term": "Foster Clark's",
              "ExtraOutputFields": {},
              "Min": null,
              "Max": null,
              "Applied": false,
              "Count": 6,
              "Statement": null,
              "DisplayCoachMarks": false
            },
            {
              "Name": "Fresh Fodder",
              "Term": "Fresh Fodder",
              "ExtraOutputFields": {},
              "Min": null,
              "Max": null,
              "Applied": false,
              "Count": 3,
              "Statement": null,
              "DisplayCoachMarks": false
            },
            {
              "Name": "Frico",
              "Term": "Frico",
              "ExtraOutputFields": {},
              "Min": null,
              "Max": null,
              "Applied": false,
              "Count": 10,
              "Statement": null,
              "DisplayCoachMarks": false
            },
            {
              "Name": "Fromager D'Affinois",
              "Term": "Fromager D'Affinois",
              "ExtraOutputFields": {},
              "Min": null,
              "Max": null,
              "Applied": false,
              "Count": 2,
              "Statement": null,
              "DisplayCoachMarks": false
            }
          ]
        },
        {
          "Alphabet": "G",
          "Filters": [
            {
              "Name": "Garlo's",
              "Term": "Garlo's",
              "ExtraOutputFields": {},
              "Min": null,
              "Max": null,
              "Applied": false,
              "Count": 2,
              "Statement": null,
              "DisplayCoachMarks": false
            },
            {
              "Name": "Geoff Jansz",
              "Term": "Geoff Jansz",
              "ExtraOutputFields": {},
              "Min": null,
              "Max": null,
              "Applied": false,
              "Count": 2,
              "Statement": null,
              "DisplayCoachMarks": false
            },
            {
              "Name": "Gippsland",
              "Term": "Gippsland",
              "ExtraOutputFields": {},
              "Min": null,
              "Max": null,
              "Applied": false,
              "Count": 20,
              "Statement": null,
              "DisplayCoachMarks": false
            },
            {
              "Name": "Gold'N Canola",
              "Term": "Gold'N Canola",
              "ExtraOutputFields": {},
              "Min": null,
              "Max": null,
              "Applied": false,
              "Count": 1,
              "Statement": null,
              "DisplayCoachMarks": false
            },
            {
              "Name": "Good Bones",
              "Term": "Good Bones",
              "ExtraOutputFields": {},
              "Min": null,
              "Max": null,
              "Applied": false,
              "Count": 2,
              "Statement": null,
              "DisplayCoachMarks": false
            },
            {
              "Name": "Grand Italian",
              "Term": "Grand Italian",
              "ExtraOutputFields": {},
              "Min": null,
              "Max": null,
              "Applied": false,
              "Count": 5,
              "Statement": null,
              "DisplayCoachMarks": false
            },
            {
              "Name": "Greek Family Farm",
              "Term": "Greek Family Farm",
              "ExtraOutputFields": {},
              "Min": null,
              "Max": null,
              "Applied": false,
              "Count": 1,
              "Statement": null,
              "DisplayCoachMarks": false
            },
            {
              "Name": "Guilleteau",
              "Term": "Guilleteau",
              "ExtraOutputFields": {},
              "Min": null,
              "Max": null,
              "Applied": false,
              "Count": 1,
              "Statement": null,
              "DisplayCoachMarks": false
            },
            {
              "Name": "Guzzi's",
              "Term": "Guzzi's",
              "ExtraOutputFields": {},
              "Min": null,
              "Max": null,
              "Applied": false,
              "Count": 1,
              "Statement": null,
              "DisplayCoachMarks": false
            }
          ]
        },
        {
          "Alphabet": "H",
          "Filters": [
            {
              "Name": "Hakka",
              "Term": "Hakka",
              "ExtraOutputFields": {},
              "Min": null,
              "Max": null,
              "Applied": false,
              "Count": 8,
              "Statement": null,
              "DisplayCoachMarks": false
            },
            {
              "Name": "Hans",
              "Term": "Hans",
              "ExtraOutputFields": {},
              "Min": null,
              "Max": null,
              "Applied": false,
              "Count": 4,
              "Statement": null,
              "DisplayCoachMarks": false
            },
            {
              "Name": "Hero",
              "Term": "Hero",
              "ExtraOutputFields": {},
              "Min": null,
              "Max": null,
              "Applied": false,
              "Count": 1,
              "Statement": null,
              "DisplayCoachMarks": false
            },
            {
              "Name": "Hillview",
              "Term": "Hillview",
              "ExtraOutputFields": {},
              "Min": null,
              "Max": null,
              "Applied": false,
              "Count": 4,
              "Statement": null,
              "DisplayCoachMarks": false
            },
            {
              "Name": "Holland House",
              "Term": "Holland House",
              "ExtraOutputFields": {},
              "Min": null,
              "Max": null,
              "Applied": false,
              "Count": 1,
              "Statement": null,
              "DisplayCoachMarks": false
            },
            {
              "Name": "Hunt And Brew",
              "Term": "Hunt And Brew",
              "ExtraOutputFields": {},
              "Min": null,
              "Max": null,
              "Applied": false,
              "Count": 2,
              "Statement": null,
              "DisplayCoachMarks": false
            },
            {
              "Name": "Hunter Belle",
              "Term": "Hunter Belle",
              "ExtraOutputFields": {},
              "Min": null,
              "Max": null,
              "Applied": false,
              "Count": 2,
              "Statement": null,
              "DisplayCoachMarks": false
            },
            {
              "Name": "Hunter Valley",
              "Term": "Hunter Valley",
              "ExtraOutputFields": {},
              "Min": null,
              "Max": null,
              "Applied": false,
              "Count": 1,
              "Statement": null,
              "DisplayCoachMarks": false
            }
          ]
        },
        {
          "Alphabet": "I",
          "Filters": [
            {
              "Name": "I Pastai",
              "Term": "I Pastai",
              "ExtraOutputFields": {},
              "Min": null,
              "Max": null,
              "Applied": false,
              "Count": 9,
              "Statement": null,
              "DisplayCoachMarks": false
            },
            {
              "Name": "Ice Break",
              "Term": "Ice Break",
              "ExtraOutputFields": {},
              "Min": null,
              "Max": null,
              "Applied": false,
              "Count": 5,
              "Statement": null,
              "DisplayCoachMarks": false
            },
            {
              "Name": "Inside Out",
              "Term": "Inside Out",
              "ExtraOutputFields": {},
              "Min": null,
              "Max": null,
              "Applied": false,
              "Count": 6,
              "Statement": null,
              "DisplayCoachMarks": false
            }
          ]
        },
        {
          "Alphabet": "J",
          "Filters": [
            {
              "Name": "Jacquin",
              "Term": "Jacquin",
              "ExtraOutputFields": {},
              "Min": null,
              "Max": null,
              "Applied": false,
              "Count": 2,
              "Statement": null,
              "DisplayCoachMarks": false
            },
            {
              "Name": "Jalna",
              "Term": "Jalna",
              "ExtraOutputFields": {},
              "Min": null,
              "Max": null,
              "Applied": false,
              "Count": 10,
              "Statement": null,
              "DisplayCoachMarks": false
            },
            {
              "Name": "Jarlsberg",
              "Term": "Jarlsberg",
              "ExtraOutputFields": {},
              "Min": null,
              "Max": null,
              "Applied": false,
              "Count": 5,
              "Statement": null,
              "DisplayCoachMarks": false
            },
            {
              "Name": "Jase's Kitchen",
              "Term": "Jase's Kitchen",
              "ExtraOutputFields": {},
              "Min": null,
              "Max": null,
              "Applied": false,
              "Count": 1,
              "Statement": null,
              "DisplayCoachMarks": false
            },
            {
              "Name": "Julianne's Kitchen",
              "Term": "Julianne's Kitchen",
              "ExtraOutputFields": {},
              "Min": null,
              "Max": null,
              "Applied": false,
              "Count": 1,
              "Statement": null,
              "DisplayCoachMarks": false
            },
            {
              "Name": "Julian's",
              "Term": "Julian's",
              "ExtraOutputFields": {},
              "Min": null,
              "Max": null,
              "Applied": false,
              "Count": 1,
              "Statement": null,
              "DisplayCoachMarks": false
            },
            {
              "Name": "Just 4 You",
              "Term": "Just 4 You",
              "ExtraOutputFields": {},
              "Min": null,
              "Max": null,
              "Applied": false,
              "Count": 1,
              "Statement": null,
              "DisplayCoachMarks": false
            },
            {
              "Name": "Just Veg.",
              "Term": "Just Veg.",
              "ExtraOutputFields": {},
              "Min": null,
              "Max": null,
              "Applied": false,
              "Count": 2,
              "Statement": null,
              "DisplayCoachMarks": false
            }
          ]
        },
        {
          "Alphabet": "K",
          "Filters": [
            {
              "Name": "Kehoe's",
              "Term": "Kehoe's",
              "ExtraOutputFields": {},
              "Min": null,
              "Max": null,
              "Applied": false,
              "Count": 4,
              "Statement": null,
              "DisplayCoachMarks": false
            },
            {
              "Name": "Kenilworth",
              "Term": "Kenilworth",
              "ExtraOutputFields": {},
              "Min": null,
              "Max": null,
              "Applied": false,
              "Count": 1,
              "Statement": null,
              "DisplayCoachMarks": false
            },
            {
              "Name": "King Island",
              "Term": "King Island",
              "ExtraOutputFields": {},
              "Min": null,
              "Max": null,
              "Applied": false,
              "Count": 9,
              "Statement": null,
              "DisplayCoachMarks": false
            },
            {
              "Name": "Kiri",
              "Term": "Kiri",
              "ExtraOutputFields": {},
              "Min": null,
              "Max": null,
              "Applied": false,
              "Count": 2,
              "Statement": null,
              "DisplayCoachMarks": false
            },
            {
              "Name": "Kraft",
              "Term": "Kraft",
              "ExtraOutputFields": {},
              "Min": null,
              "Max": null,
              "Applied": false,
              "Count": 5,
              "Statement": null,
              "DisplayCoachMarks": false
            }
          ]
        },
        {
          "Alphabet": "L",
          "Filters": [
            {
              "Name": "La Casa",
              "Term": "La Casa",
              "ExtraOutputFields": {},
              "Min": null,
              "Max": null,
              "Applied": false,
              "Count": 10,
              "Statement": null,
              "DisplayCoachMarks": false
            },
            {
              "Name": "La Famiglia",
              "Term": "La Famiglia",
              "ExtraOutputFields": {},
              "Min": null,
              "Max": null,
              "Applied": false,
              "Count": 9,
              "Statement": null,
              "DisplayCoachMarks": false
            },
            {
              "Name": "La Stella",
              "Term": "La Stella",
              "ExtraOutputFields": {},
              "Min": null,
              "Max": null,
              "Applied": false,
              "Count": 5,
              "Statement": null,
              "DisplayCoachMarks": false
            },
            {
              "Name": "La Tosca",
              "Term": "La Tosca",
              "ExtraOutputFields": {},
              "Min": null,
              "Max": null,
              "Applied": false,
              "Count": 3,
              "Statement": null,
              "DisplayCoachMarks": false
            },
            {
              "Name": "Latina Fresh",
              "Term": "Latina Fresh",
              "ExtraOutputFields": {},
              "Min": null,
              "Max": null,
              "Applied": false,
              "Count": 26,
              "Statement": null,
              "DisplayCoachMarks": false
            },
            {
              "Name": "Laughing Cow",
              "Term": "Laughing Cow",
              "ExtraOutputFields": {},
              "Min": null,
              "Max": null,
              "Applied": false,
              "Count": 6,
              "Statement": null,
              "DisplayCoachMarks": false
            },
            {
              "Name": "Leggos",
              "Term": "Leggos",
              "ExtraOutputFields": {},
              "Min": null,
              "Max": null,
              "Applied": false,
              "Count": 16,
              "Statement": null,
              "DisplayCoachMarks": false
            },
            {
              "Name": "Lemnos",
              "Term": "Lemnos",
              "ExtraOutputFields": {},
              "Min": null,
              "Max": null,
              "Applied": false,
              "Count": 12,
              "Statement": null,
              "DisplayCoachMarks": false
            },
            {
              "Name": "Lewis Road Creamery",
              "Term": "Lewis Road Creamery",
              "ExtraOutputFields": {},
              "Min": null,
              "Max": null,
              "Applied": false,
              "Count": 2,
              "Statement": null,
              "DisplayCoachMarks": false
            },
            {
              "Name": "Liddells",
              "Term": "Liddells",
              "ExtraOutputFields": {},
              "Min": null,
              "Max": null,
              "Applied": false,
              "Count": 11,
              "Statement": null,
              "DisplayCoachMarks": false
            },
            {
              "Name": "Living Planet",
              "Term": "Living Planet",
              "ExtraOutputFields": {},
              "Min": null,
              "Max": null,
              "Applied": false,
              "Count": 1,
              "Statement": null,
              "DisplayCoachMarks": false
            },
            {
              "Name": "Logicol",
              "Term": "Logicol",
              "ExtraOutputFields": {},
              "Min": null,
              "Max": null,
              "Applied": false,
              "Count": 1,
              "Statement": null,
              "DisplayCoachMarks": false
            },
            {
              "Name": "Lurpak",
              "Term": "Lurpak",
              "ExtraOutputFields": {},
              "Min": null,
              "Max": null,
              "Applied": false,
              "Count": 9,
              "Statement": null,
              "DisplayCoachMarks": false
            }
          ]
        },
        {
          "Alphabet": "M",
          "Filters": [
            {
              "Name": "Macro",
              "Term": "Macro",
              "ExtraOutputFields": {},
              "Min": null,
              "Max": null,
              "Applied": false,
              "Count": 25,
              "Statement": null,
              "DisplayCoachMarks": false
            },
            {
              "Name": "Made With Plants",
              "Term": "Made With Plants",
              "ExtraOutputFields": {},
              "Min": null,
              "Max": null,
              "Applied": false,
              "Count": 18,
              "Statement": null,
              "DisplayCoachMarks": false
            },
            {
              "Name": "Maese Miguel",
              "Term": "Maese Miguel",
              "ExtraOutputFields": {},
              "Min": null,
              "Max": null,
              "Applied": false,
              "Count": 1,
              "Statement": null,
              "DisplayCoachMarks": false
            },
            {
              "Name": "Maggie Beer",
              "Term": "Maggie Beer",
              "ExtraOutputFields": {},
              "Min": null,
              "Max": null,
              "Applied": false,
              "Count": 8,
              "Statement": null,
              "DisplayCoachMarks": false
            },
            {
              "Name": "Mainland",
              "Term": "Mainland",
              "ExtraOutputFields": {},
              "Min": null,
              "Max": null,
              "Applied": false,
              "Count": 28,
              "Statement": null,
              "DisplayCoachMarks": false
            },
            {
              "Name": "Manning Valley",
              "Term": "Manning Valley",
              "ExtraOutputFields": {},
              "Min": null,
              "Max": null,
              "Applied": false,
              "Count": 1,
              "Statement": null,
              "DisplayCoachMarks": false
            },
            {
              "Name": "Margaret River",
              "Term": "Margaret River",
              "ExtraOutputFields": {},
              "Min": null,
              "Max": null,
              "Applied": false,
              "Count": 2,
              "Statement": null,
              "DisplayCoachMarks": false
            },
            {
              "Name": "Marsh's",
              "Term": "Marsh's",
              "ExtraOutputFields": {},
              "Min": null,
              "Max": null,
              "Applied": false,
              "Count": 1,
              "Statement": null,
              "DisplayCoachMarks": false
            },
            {
              "Name": "Mc YEE",
              "Term": "Mc YEE",
              "ExtraOutputFields": {},
              "Min": null,
              "Max": null,
              "Applied": false,
              "Count": 7,
              "Statement": null,
              "DisplayCoachMarks": false
            },
            {
              "Name": "Meadowlea",
              "Term": "Meadowlea",
              "ExtraOutputFields": {},
              "Min": null,
              "Max": null,
              "Applied": false,
              "Count": 5,
              "Statement": null,
              "DisplayCoachMarks": false
            },
            {
              "Name": "Meander Valley",
              "Term": "Meander Valley",
              "ExtraOutputFields": {},
              "Min": null,
              "Max": null,
              "Applied": false,
              "Count": 4,
              "Statement": null,
              "DisplayCoachMarks": false
            },
            {
              "Name": "Mediterranean Delite",
              "Term": "Mediterranean Delite",
              "ExtraOutputFields": {},
              "Min": null,
              "Max": null,
              "Applied": false,
              "Count": 4,
              "Statement": null,
              "DisplayCoachMarks": false
            },
            {
              "Name": "Melbourne Cheese Company",
              "Term": "Melbourne Cheese Company",
              "ExtraOutputFields": {},
              "Min": null,
              "Max": null,
              "Applied": false,
              "Count": 2,
              "Statement": null,
              "DisplayCoachMarks": false
            },
            {
              "Name": "Meredith Dairy",
              "Term": "Meredith Dairy",
              "ExtraOutputFields": {},
              "Min": null,
              "Max": null,
              "Applied": false,
              "Count": 8,
              "Statement": null,
              "DisplayCoachMarks": false
            },
            {
              "Name": "Mersey Valley",
              "Term": "Mersey Valley",
              "ExtraOutputFields": {},
              "Min": null,
              "Max": null,
              "Applied": false,
              "Count": 14,
              "Statement": null,
              "DisplayCoachMarks": false
            },
            {
              "Name": "Mifroma",
              "Term": "Mifroma",
              "ExtraOutputFields": {},
              "Min": null,
              "Max": null,
              "Applied": false,
              "Count": 2,
              "Statement": null,
              "DisplayCoachMarks": false
            },
            {
              "Name": "Mil Lel",
              "Term": "Mil Lel",
              "ExtraOutputFields": {},
              "Min": null,
              "Max": null,
              "Applied": false,
              "Count": 5,
              "Statement": null,
              "DisplayCoachMarks": false
            },
            {
              "Name": "Milo",
              "Term": "Milo",
              "ExtraOutputFields": {},
              "Min": null,
              "Max": null,
              "Applied": false,
              "Count": 1,
              "Statement": null,
              "DisplayCoachMarks": false
            },
            {
              "Name": "Mon Ami",
              "Term": "Mon Ami",
              "ExtraOutputFields": {},
              "Min": null,
              "Max": null,
              "Applied": false,
              "Count": 3,
              "Statement": null,
              "DisplayCoachMarks": false
            },
            {
              "Name": "Moving Mountains",
              "Term": "Moving Mountains",
              "ExtraOutputFields": {},
              "Min": null,
              "Max": null,
              "Applied": false,
              "Count": 2,
              "Statement": null,
              "DisplayCoachMarks": false
            },
            {
              "Name": "Munchables",
              "Term": "Munchables",
              "ExtraOutputFields": {},
              "Min": null,
              "Max": null,
              "Applied": false,
              "Count": 1,
              "Statement": null,
              "DisplayCoachMarks": false
            }
          ]
        },
        {
          "Alphabet": "N",
          "Filters": [
            {
              "Name": "Nakula",
              "Term": "Nakula",
              "ExtraOutputFields": {},
              "Min": null,
              "Max": null,
              "Applied": false,
              "Count": 11,
              "Statement": null,
              "DisplayCoachMarks": false
            },
            {
              "Name": "Naturli",
              "Term": "Naturli",
              "ExtraOutputFields": {},
              "Min": null,
              "Max": null,
              "Applied": false,
              "Count": 1,
              "Statement": null,
              "DisplayCoachMarks": false
            },
            {
              "Name": "Nestle",
              "Term": "Nestle",
              "ExtraOutputFields": {},
              "Min": null,
              "Max": null,
              "Applied": false,
              "Count": 8,
              "Statement": null,
              "DisplayCoachMarks": false
            },
            {
              "Name": "NESTLE",
              "Term": "NESTLE",
              "ExtraOutputFields": {},
              "Min": null,
              "Max": null,
              "Applied": false,
              "Count": 3,
              "Statement": null,
              "DisplayCoachMarks": false
            },
            {
              "Name": "Nestlé Australia",
              "Term": "Nestlé Australia",
              "ExtraOutputFields": {},
              "Min": null,
              "Max": null,
              "Applied": false,
              "Count": 1,
              "Statement": null,
              "DisplayCoachMarks": false
            },
            {
              "Name": "Nevana",
              "Term": "Nevana",
              "ExtraOutputFields": {},
              "Min": null,
              "Max": null,
              "Applied": false,
              "Count": 1,
              "Statement": null,
              "DisplayCoachMarks": false
            },
            {
              "Name": "Next Gen",
              "Term": "Next Gen",
              "ExtraOutputFields": {},
              "Min": null,
              "Max": null,
              "Applied": false,
              "Count": 1,
              "Statement": null,
              "DisplayCoachMarks": false
            },
            {
              "Name": "Norco",
              "Term": "Norco",
              "ExtraOutputFields": {},
              "Min": null,
              "Max": null,
              "Applied": false,
              "Count": 3,
              "Statement": null,
              "DisplayCoachMarks": false
            },
            {
              "Name": "Nutriboost",
              "Term": "Nutriboost",
              "ExtraOutputFields": {},
              "Min": null,
              "Max": null,
              "Applied": false,
              "Count": 3,
              "Statement": null,
              "DisplayCoachMarks": false
            },
            {
              "Name": "Nuttelex",
              "Term": "Nuttelex",
              "ExtraOutputFields": {},
              "Min": null,
              "Max": null,
              "Applied": false,
              "Count": 7,
              "Statement": null,
              "DisplayCoachMarks": false
            },
            {
              "Name": "Nutty Bruce",
              "Term": "Nutty Bruce",
              "ExtraOutputFields": {},
              "Min": null,
              "Max": null,
              "Applied": false,
              "Count": 3,
              "Statement": null,
              "DisplayCoachMarks": false
            }
          ]
        },
        {
          "Alphabet": "O",
          "Filters": [
            {
              "Name": "Oak",
              "Term": "Oak",
              "ExtraOutputFields": {},
              "Min": null,
              "Max": null,
              "Applied": false,
              "Count": 25,
              "Statement": null,
              "DisplayCoachMarks": false
            },
            {
              "Name": "Oatly",
              "Term": "Oatly",
              "ExtraOutputFields": {},
              "Min": null,
              "Max": null,
              "Applied": false,
              "Count": 4,
              "Statement": null,
              "DisplayCoachMarks": false
            },
            {
              "Name": "Obela",
              "Term": "Obela",
              "ExtraOutputFields": {},
              "Min": null,
              "Max": null,
              "Applied": false,
              "Count": 27,
              "Statement": null,
              "DisplayCoachMarks": false
            },
            {
              "Name": "Olive Grove",
              "Term": "Olive Grove",
              "ExtraOutputFields": {},
              "Min": null,
              "Max": null,
              "Applied": false,
              "Count": 2,
              "Statement": null,
              "DisplayCoachMarks": false
            }
          ]
        },
        {
          "Alphabet": "P",
          "Filters": [
            {
              "Name": "Pantalica",
              "Term": "Pantalica",
              "ExtraOutputFields": {},
              "Min": null,
              "Max": null,
              "Applied": false,
              "Count": 2,
              "Statement": null,
              "DisplayCoachMarks": false
            },
            {
              "Name": "Paris Creek Farms",
              "Term": "Paris Creek Farms",
              "ExtraOutputFields": {},
              "Min": null,
              "Max": null,
              "Applied": false,
              "Count": 2,
              "Statement": null,
              "DisplayCoachMarks": false
            },
            {
              "Name": "Pasta Master",
              "Term": "Pasta Master",
              "ExtraOutputFields": {},
              "Min": null,
              "Max": null,
              "Applied": false,
              "Count": 3,
              "Statement": null,
              "DisplayCoachMarks": false
            },
            {
              "Name": "Pauls",
              "Term": "Pauls",
              "ExtraOutputFields": {},
              "Min": null,
              "Max": null,
              "Applied": false,
              "Count": 47,
              "Statement": null,
              "DisplayCoachMarks": false
            },
            {
              "Name": "Perfect Italiano",
              "Term": "Perfect Italiano",
              "ExtraOutputFields": {},
              "Min": null,
              "Max": null,
              "Applied": false,
              "Count": 17,
              "Statement": null,
              "DisplayCoachMarks": false
            },
            {
              "Name": "Petite Cuisine",
              "Term": "Petite Cuisine",
              "ExtraOutputFields": {},
              "Min": null,
              "Max": null,
              "Applied": false,
              "Count": 4,
              "Statement": null,
              "DisplayCoachMarks": false
            },
            {
              "Name": "Philadelphia",
              "Term": "Philadelphia",
              "ExtraOutputFields": {},
              "Min": null,
              "Max": null,
              "Applied": false,
              "Count": 15,
              "Statement": null,
              "DisplayCoachMarks": false
            },
            {
              "Name": "Picante",
              "Term": "Picante",
              "ExtraOutputFields": {},
              "Min": null,
              "Max": null,
              "Applied": false,
              "Count": 4,
              "Statement": null,
              "DisplayCoachMarks": false
            },
            {
              "Name": "Picasso",
              "Term": "Picasso",
              "ExtraOutputFields": {},
              "Min": null,
              "Max": null,
              "Applied": false,
              "Count": 3,
              "Statement": null,
              "DisplayCoachMarks": false
            },
            {
              "Name": "Picasso Kitchen",
              "Term": "Picasso Kitchen",
              "ExtraOutputFields": {},
              "Min": null,
              "Max": null,
              "Applied": false,
              "Count": 5,
              "Statement": null,
              "DisplayCoachMarks": false
            },
            {
              "Name": "Picon",
              "Term": "Picon",
              "ExtraOutputFields": {},
              "Min": null,
              "Max": null,
              "Applied": false,
              "Count": 1,
              "Statement": null,
              "DisplayCoachMarks": false
            },
            {
              "Name": "Pilpel",
              "Term": "Pilpel",
              "ExtraOutputFields": {},
              "Min": null,
              "Max": null,
              "Applied": false,
              "Count": 4,
              "Statement": null,
              "DisplayCoachMarks": false
            },
            {
              "Name": "Pitango",
              "Term": "Pitango",
              "ExtraOutputFields": {},
              "Min": null,
              "Max": null,
              "Applied": false,
              "Count": 4,
              "Statement": null,
              "DisplayCoachMarks": false
            },
            {
              "Name": "Plant Asia",
              "Term": "Plant Asia",
              "ExtraOutputFields": {},
              "Min": null,
              "Max": null,
              "Applied": false,
              "Count": 3,
              "Statement": null,
              "DisplayCoachMarks": false
            },
            {
              "Name": "Plantein",
              "Term": "Plantein",
              "ExtraOutputFields": {},
              "Min": null,
              "Max": null,
              "Applied": false,
              "Count": 3,
              "Statement": null,
              "DisplayCoachMarks": false
            },
            {
              "Name": "Plantitude",
              "Term": "Plantitude",
              "ExtraOutputFields": {},
              "Min": null,
              "Max": null,
              "Applied": false,
              "Count": 3,
              "Statement": null,
              "DisplayCoachMarks": false
            },
            {
              "Name": "President",
              "Term": "President",
              "ExtraOutputFields": {},
              "Min": null,
              "Max": null,
              "Applied": false,
              "Count": 6,
              "Statement": null,
              "DisplayCoachMarks": false
            },
            {
              "Name": "Primo",
              "Term": "Primo",
              "ExtraOutputFields": {},
              "Min": null,
              "Max": null,
              "Applied": false,
              "Count": 11,
              "Statement": null,
              "DisplayCoachMarks": false
            },
            {
              "Name": "Pro Live",
              "Term": "Pro Live",
              "ExtraOutputFields": {},
              "Min": null,
              "Max": null,
              "Applied": false,
              "Count": 1,
              "Statement": null,
              "DisplayCoachMarks": false
            },
            {
              "Name": "Pura",
              "Term": "Pura",
              "ExtraOutputFields": {},
              "Min": null,
              "Max": null,
              "Applied": false,
              "Count": 2,
              "Statement": null,
              "DisplayCoachMarks": false
            },
            {
              "Name": "Puregg",
              "Term": "Puregg",
              "ExtraOutputFields": {},
              "Min": null,
              "Max": null,
              "Applied": false,
              "Count": 1,
              "Statement": null,
              "DisplayCoachMarks": false
            },
            {
              "Name": "Pureharvest",
              "Term": "Pureharvest",
              "ExtraOutputFields": {},
              "Min": null,
              "Max": null,
              "Applied": false,
              "Count": 7,
              "Statement": null,
              "DisplayCoachMarks": false
            }
          ]
        },
        {
          "Alphabet": "Q",
          "Filters": []
        },
        {
          "Alphabet": "R",
          "Filters": [
            {
              "Name": "Rafferty's Garden",
              "Term": "Rafferty's Garden",
              "ExtraOutputFields": {},
              "Min": null,
              "Max": null,
              "Applied": false,
              "Count": 3,
              "Statement": null,
              "DisplayCoachMarks": false
            },
            {
              "Name": "Raguletto",
              "Term": "Raguletto",
              "ExtraOutputFields": {},
              "Min": null,
              "Max": null,
              "Applied": false,
              "Count": 2,
              "Statement": null,
              "DisplayCoachMarks": false
            },
            {
              "Name": "Rana",
              "Term": "Rana",
              "ExtraOutputFields": {},
              "Min": null,
              "Max": null,
              "Applied": false,
              "Count": 11,
              "Statement": null,
              "DisplayCoachMarks": false
            },
            {
              "Name": "Red Rock Deli",
              "Term": "Red Rock Deli",
              "ExtraOutputFields": {},
              "Min": null,
              "Max": null,
              "Applied": false,
              "Count": 8,
              "Statement": null,
              "DisplayCoachMarks": false
            },
            {
              "Name": "Ritz",
              "Term": "Ritz",
              "ExtraOutputFields": {},
              "Min": null,
              "Max": null,
              "Applied": false,
              "Count": 4,
              "Statement": null,
              "DisplayCoachMarks": false
            },
            {
              "Name": "Riverina",
              "Term": "Riverina",
              "ExtraOutputFields": {},
              "Min": null,
              "Max": null,
              "Applied": false,
              "Count": 4,
              "Statement": null,
              "DisplayCoachMarks": false
            },
            {
              "Name": "Roar",
              "Term": "Roar",
              "ExtraOutputFields": {},
              "Min": null,
              "Max": null,
              "Applied": false,
              "Count": 4,
              "Statement": null,
              "DisplayCoachMarks": false
            },
            {
              "Name": "Rokeby Farms",
              "Term": "Rokeby Farms",
              "ExtraOutputFields": {},
              "Min": null,
              "Max": null,
              "Applied": false,
              "Count": 7,
              "Statement": null,
              "DisplayCoachMarks": false
            }
          ]
        },
        {
          "Alphabet": "S",
          "Filters": [
            {
              "Name": "Sa Gourmet Food Co",
              "Term": "Sa Gourmet Food Co",
              "ExtraOutputFields": {},
              "Min": null,
              "Max": null,
              "Applied": false,
              "Count": 3,
              "Statement": null,
              "DisplayCoachMarks": false
            },
            {
              "Name": "Saint Agur",
              "Term": "Saint Agur",
              "ExtraOutputFields": {},
              "Min": null,
              "Max": null,
              "Applied": false,
              "Count": 1,
              "Statement": null,
              "DisplayCoachMarks": false
            },
            {
              "Name": "Sanitarium",
              "Term": "Sanitarium",
              "ExtraOutputFields": {},
              "Min": null,
              "Max": null,
              "Applied": false,
              "Count": 19,
              "Statement": null,
              "DisplayCoachMarks": false
            },
            {
              "Name": "Senza",
              "Term": "Senza",
              "ExtraOutputFields": {},
              "Min": null,
              "Max": null,
              "Applied": false,
              "Count": 2,
              "Statement": null,
              "DisplayCoachMarks": false
            },
            {
              "Name": "Shaw River",
              "Term": "Shaw River",
              "ExtraOutputFields": {},
              "Min": null,
              "Max": null,
              "Applied": false,
              "Count": 1,
              "Statement": null,
              "DisplayCoachMarks": false
            },
            {
              "Name": "Sheese",
              "Term": "Sheese",
              "ExtraOutputFields": {},
              "Min": null,
              "Max": null,
              "Applied": false,
              "Count": 3,
              "Statement": null,
              "DisplayCoachMarks": false
            },
            {
              "Name": "Siggi's",
              "Term": "Siggi's",
              "ExtraOutputFields": {},
              "Min": null,
              "Max": null,
              "Applied": false,
              "Count": 15,
              "Statement": null,
              "DisplayCoachMarks": false
            },
            {
              "Name": "Simmone Logue",
              "Term": "Simmone Logue",
              "ExtraOutputFields": {},
              "Min": null,
              "Max": null,
              "Applied": false,
              "Count": 12,
              "Statement": null,
              "DisplayCoachMarks": false
            },
            {
              "Name": "Singletons",
              "Term": "Singletons",
              "ExtraOutputFields": {},
              "Min": null,
              "Max": null,
              "Applied": false,
              "Count": 1,
              "Statement": null,
              "DisplayCoachMarks": false
            },
            {
              "Name": "Snowdonia",
              "Term": "Snowdonia",
              "ExtraOutputFields": {},
              "Min": null,
              "Max": null,
              "Applied": false,
              "Count": 3,
              "Statement": null,
              "DisplayCoachMarks": false
            },
            {
              "Name": "So Delicious",
              "Term": "So Delicious",
              "ExtraOutputFields": {},
              "Min": null,
              "Max": null,
              "Applied": false,
              "Count": 7,
              "Statement": null,
              "DisplayCoachMarks": false
            },
            {
              "Name": "Somerdale",
              "Term": "Somerdale",
              "ExtraOutputFields": {},
              "Min": null,
              "Max": null,
              "Applied": false,
              "Count": 1,
              "Statement": null,
              "DisplayCoachMarks": false
            },
            {
              "Name": "South Cape",
              "Term": "South Cape",
              "ExtraOutputFields": {},
              "Min": null,
              "Max": null,
              "Applied": false,
              "Count": 27,
              "Statement": null,
              "DisplayCoachMarks": false
            },
            {
              "Name": "SSS Foods",
              "Term": "SSS Foods",
              "ExtraOutputFields": {},
              "Min": null,
              "Max": null,
              "Applied": false,
              "Count": 2,
              "Statement": null,
              "DisplayCoachMarks": false
            },
            {
              "Name": "Steggles",
              "Term": "Steggles",
              "ExtraOutputFields": {},
              "Min": null,
              "Max": null,
              "Applied": false,
              "Count": 1,
              "Statement": null,
              "DisplayCoachMarks": false
            },
            {
              "Name": "Strength Meals Co",
              "Term": "Strength Meals Co",
              "ExtraOutputFields": {},
              "Min": null,
              "Max": null,
              "Applied": false,
              "Count": 5,
              "Statement": null,
              "DisplayCoachMarks": false
            },
            {
              "Name": "Sugo Tu",
              "Term": "Sugo Tu",
              "ExtraOutputFields": {},
              "Min": null,
              "Max": null,
              "Applied": false,
              "Count": 2,
              "Statement": null,
              "DisplayCoachMarks": false
            },
            {
              "Name": "Sunny Queen",
              "Term": "Sunny Queen",
              "ExtraOutputFields": {},
              "Min": null,
              "Max": null,
              "Applied": false,
              "Count": 3,
              "Statement": null,
              "DisplayCoachMarks": false
            },
            {
              "Name": "Suntory",
              "Term": "Suntory",
              "ExtraOutputFields": {},
              "Min": null,
              "Max": null,
              "Applied": false,
              "Count": 3,
              "Statement": null,
              "DisplayCoachMarks": false
            },
            {
              "Name": "Supafry",
              "Term": "Supafry",
              "ExtraOutputFields": {},
              "Min": null,
              "Max": null,
              "Applied": false,
              "Count": 1,
              "Statement": null,
              "DisplayCoachMarks": false
            },
            {
              "Name": "Supreme Foods",
              "Term": "Supreme Foods",
              "ExtraOutputFields": {},
              "Min": null,
              "Max": null,
              "Applied": false,
              "Count": 1,
              "Statement": null,
              "DisplayCoachMarks": false
            },
            {
              "Name": "Swiss",
              "Term": "Swiss",
              "ExtraOutputFields": {},
              "Min": null,
              "Max": null,
              "Applied": false,
              "Count": 1,
              "Statement": null,
              "DisplayCoachMarks": false
            },
            {
              "Name": "Syndian",
              "Term": "Syndian",
              "ExtraOutputFields": {},
              "Min": null,
              "Max": null,
              "Applied": false,
              "Count": 2,
              "Statement": null,
              "DisplayCoachMarks": false
            }
          ]
        },
        {
          "Alphabet": "T",
          "Filters": [
            {
              "Name": "Tablelands",
              "Term": "Tablelands",
              "ExtraOutputFields": {},
              "Min": null,
              "Max": null,
              "Applied": false,
              "Count": 3,
              "Statement": null,
              "DisplayCoachMarks": false
            },
            {
              "Name": "Tamar Valley",
              "Term": "Tamar Valley",
              "ExtraOutputFields": {},
              "Min": null,
              "Max": null,
              "Applied": false,
              "Count": 11,
              "Statement": null,
              "DisplayCoachMarks": false
            },
            {
              "Name": "Tasmanian Heritage",
              "Term": "Tasmanian Heritage",
              "ExtraOutputFields": {},
              "Min": null,
              "Max": null,
              "Applied": false,
              "Count": 10,
              "Statement": null,
              "DisplayCoachMarks": false
            },
            {
              "Name": "Tasmanian Pate",
              "Term": "Tasmanian Pate",
              "ExtraOutputFields": {},
              "Min": null,
              "Max": null,
              "Applied": false,
              "Count": 1,
              "Statement": null,
              "DisplayCoachMarks": false
            },
            {
              "Name": "Tempo",
              "Term": "Tempo",
              "ExtraOutputFields": {},
              "Min": null,
              "Max": null,
              "Applied": false,
              "Count": 7,
              "Statement": null,
              "DisplayCoachMarks": false
            },
            {
              "Name": "The Coach House Dairy",
              "Term": "The Coach House Dairy",
              "ExtraOutputFields": {},
              "Min": null,
              "Max": null,
              "Applied": false,
              "Count": 2,
              "Statement": null,
              "DisplayCoachMarks": false
            },
            {
              "Name": "The Collective",
              "Term": "The Collective",
              "ExtraOutputFields": {},
              "Min": null,
              "Max": null,
              "Applied": false,
              "Count": 14,
              "Statement": null,
              "DisplayCoachMarks": false
            },
            {
              "Name": "The Complete Dairy",
              "Term": "The Complete Dairy",
              "ExtraOutputFields": {},
              "Min": null,
              "Max": null,
              "Applied": false,
              "Count": 2,
              "Statement": null,
              "DisplayCoachMarks": false
            },
            {
              "Name": "The Culture Co.",
              "Term": "The Culture Co.",
              "ExtraOutputFields": {},
              "Min": null,
              "Max": null,
              "Applied": false,
              "Count": 6,
              "Statement": null,
              "DisplayCoachMarks": false
            },
            {
              "Name": "The Goods",
              "Term": "The Goods",
              "ExtraOutputFields": {},
              "Min": null,
              "Max": null,
              "Applied": false,
              "Count": 4,
              "Statement": null,
              "DisplayCoachMarks": false
            },
            {
              "Name": "The Salad Servers",
              "Term": "The Salad Servers",
              "ExtraOutputFields": {},
              "Min": null,
              "Max": null,
              "Applied": false,
              "Count": 7,
              "Statement": null,
              "DisplayCoachMarks": false
            },
            {
              "Name": "The Smokeman Brothers",
              "Term": "The Smokeman Brothers",
              "ExtraOutputFields": {},
              "Min": null,
              "Max": null,
              "Applied": false,
              "Count": 4,
              "Statement": null,
              "DisplayCoachMarks": false
            },
            {
              "Name": "The Vegan Factor",
              "Term": "The Vegan Factor",
              "ExtraOutputFields": {},
              "Min": null,
              "Max": null,
              "Applied": false,
              "Count": 4,
              "Statement": null,
              "DisplayCoachMarks": false
            },
            {
              "Name": "Thomas Dux",
              "Term": "Thomas Dux",
              "ExtraOutputFields": {},
              "Min": null,
              "Max": null,
              "Applied": false,
              "Count": 14,
              "Statement": null,
              "DisplayCoachMarks": false
            },
            {
              "Name": "Tofurky",
              "Term": "Tofurky",
              "ExtraOutputFields": {},
              "Min": null,
              "Max": null,
              "Applied": false,
              "Count": 3,
              "Statement": null,
              "DisplayCoachMarks": false
            },
            {
              "Name": "Tru Blu",
              "Term": "Tru Blu",
              "ExtraOutputFields": {},
              "Min": null,
              "Max": null,
              "Applied": false,
              "Count": 1,
              "Statement": null,
              "DisplayCoachMarks": false
            },
            {
              "Name": "Two Good",
              "Term": "Two Good",
              "ExtraOutputFields": {},
              "Min": null,
              "Max": null,
              "Applied": false,
              "Count": 4,
              "Statement": null,
              "DisplayCoachMarks": false
            },
            {
              "Name": "Two Spoons",
              "Term": "Two Spoons",
              "ExtraOutputFields": {},
              "Min": null,
              "Max": null,
              "Applied": false,
              "Count": 1,
              "Statement": null,
              "DisplayCoachMarks": false
            }
          ]
        },
        {
          "Alphabet": "U",
          "Filters": [
            {
              "Name": "Udder Delights",
              "Term": "Udder Delights",
              "ExtraOutputFields": {},
              "Min": null,
              "Max": null,
              "Applied": false,
              "Count": 1,
              "Statement": null,
              "DisplayCoachMarks": false
            },
            {
              "Name": "Uncle Tobys",
              "Term": "Uncle Tobys",
              "ExtraOutputFields": {},
              "Min": null,
              "Max": null,
              "Applied": false,
              "Count": 5,
              "Statement": null,
              "DisplayCoachMarks": false
            },
            {
              "Name": "Unicorn",
              "Term": "Unicorn",
              "ExtraOutputFields": {},
              "Min": null,
              "Max": null,
              "Applied": false,
              "Count": 8,
              "Statement": null,
              "DisplayCoachMarks": false
            },
            {
              "Name": "Unreal Co.",
              "Term": "Unreal Co.",
              "ExtraOutputFields": {},
              "Min": null,
              "Max": null,
              "Applied": false,
              "Count": 3,
              "Statement": null,
              "DisplayCoachMarks": false
            },
            {
              "Name": "Uptons Naturals",
              "Term": "Uptons Naturals",
              "ExtraOutputFields": {},
              "Min": null,
              "Max": null,
              "Applied": false,
              "Count": 1,
              "Statement": null,
              "DisplayCoachMarks": false
            }
          ]
        },
        {
          "Alphabet": "V",
          "Filters": [
            {
              "Name": "V2",
              "Term": "V2",
              "ExtraOutputFields": {},
              "Min": null,
              "Max": null,
              "Applied": false,
              "Count": 2,
              "Statement": null,
              "DisplayCoachMarks": false
            },
            {
              "Name": "Vaalia",
              "Term": "Vaalia",
              "ExtraOutputFields": {},
              "Min": null,
              "Max": null,
              "Applied": false,
              "Count": 20,
              "Statement": null,
              "DisplayCoachMarks": false
            },
            {
              "Name": "Vega",
              "Term": "Vega",
              "ExtraOutputFields": {},
              "Min": null,
              "Max": null,
              "Applied": false,
              "Count": 1,
              "Statement": null,
              "DisplayCoachMarks": false
            },
            {
              "Name": "Vegie Delights",
              "Term": "Vegie Delights",
              "ExtraOutputFields": {},
              "Min": null,
              "Max": null,
              "Applied": false,
              "Count": 3,
              "Statement": null,
              "DisplayCoachMarks": false
            },
            {
              "Name": "Vitasoy",
              "Term": "Vitasoy",
              "ExtraOutputFields": {},
              "Min": null,
              "Max": null,
              "Applied": false,
              "Count": 19,
              "Statement": null,
              "DisplayCoachMarks": false
            }
          ]
        },
        {
          "Alphabet": "W",
          "Filters": [
            {
              "Name": "Weight Watchers",
              "Term": "Weight Watchers",
              "ExtraOutputFields": {},
              "Min": null,
              "Max": null,
              "Applied": false,
              "Count": 4,
              "Statement": null,
              "DisplayCoachMarks": false
            },
            {
              "Name": "Western Star",
              "Term": "Western Star",
              "ExtraOutputFields": {},
              "Min": null,
              "Max": null,
              "Applied": false,
              "Count": 9,
              "Statement": null,
              "DisplayCoachMarks": false
            },
            {
              "Name": "Westgold",
              "Term": "Westgold",
              "ExtraOutputFields": {},
              "Min": null,
              "Max": null,
              "Applied": false,
              "Count": 4,
              "Statement": null,
              "DisplayCoachMarks": false
            },
            {
              "Name": "Wicked Sister",
              "Term": "Wicked Sister",
              "ExtraOutputFields": {},
              "Min": null,
              "Max": null,
              "Applied": false,
              "Count": 6,
              "Statement": null,
              "DisplayCoachMarks": false
            },
            {
              "Name": "Wildly Good",
              "Term": "Wildly Good",
              "ExtraOutputFields": {},
              "Min": null,
              "Max": null,
              "Applied": false,
              "Count": 4,
              "Statement": null,
              "DisplayCoachMarks": false
            },
            {
              "Name": "Willow Farm",
              "Term": "Willow Farm",
              "ExtraOutputFields": {},
              "Min": null,
              "Max": null,
              "Applied": false,
              "Count": 3,
              "Statement": null,
              "DisplayCoachMarks": false
            },
            {
              "Name": "Wise Bunny",
              "Term": "Wise Bunny",
              "ExtraOutputFields": {},
              "Min": null,
              "Max": null,
              "Applied": false,
              "Count": 2,
              "Statement": null,
              "DisplayCoachMarks": false
            },
            {
              "Name": "Woolworths",
              "Term": "Woolworths",
              "ExtraOutputFields": {},
              "Min": null,
              "Max": null,
              "Applied": false,
              "Count": 272,
              "Statement": null,
              "DisplayCoachMarks": false
            }
          ]
        },
        {
          "Alphabet": "X",
          "Filters": []
        },
        {
          "Alphabet": "Y",
          "Filters": [
            {
              "Name": "Yakult",
              "Term": "Yakult",
              "ExtraOutputFields": {},
              "Min": null,
              "Max": null,
              "Applied": false,
              "Count": 3,
              "Statement": null,
              "DisplayCoachMarks": false
            },
            {
              "Name": "Yarra Valley",
              "Term": "Yarra Valley",
              "ExtraOutputFields": {},
              "Min": null,
              "Max": null,
              "Applied": false,
              "Count": 3,
              "Statement": null,
              "DisplayCoachMarks": false
            },
            {
              "Name": "Yogo",
              "Term": "Yogo",
              "ExtraOutputFields": {},
              "Min": null,
              "Max": null,
              "Applied": false,
              "Count": 4,
              "Statement": null,
              "DisplayCoachMarks": false
            },
            {
              "Name": "Yoplait",
              "Term": "Yoplait",
              "ExtraOutputFields": {},
              "Min": null,
              "Max": null,
              "Applied": false,
              "Count": 24,
              "Statement": null,
              "DisplayCoachMarks": false
            },
            {
              "Name": "York Foods",
              "Term": "York Foods",
              "ExtraOutputFields": {},
              "Min": null,
              "Max": null,
              "Applied": false,
              "Count": 1,
              "Statement": null,
              "DisplayCoachMarks": false
            },
            {
              "Name": "Yorkshire",
              "Term": "Yorkshire",
              "ExtraOutputFields": {},
              "Min": null,
              "Max": null,
              "Applied": false,
              "Count": 1,
              "Statement": null,
              "DisplayCoachMarks": false
            },
            {
              "Name": "Yumi's",
              "Term": "Yumi's",
              "ExtraOutputFields": {},
              "Min": null,
              "Max": null,
              "Applied": false,
              "Count": 41,
              "Statement": null,
              "DisplayCoachMarks": false
            }
          ]
        },
        {
          "Alphabet": "Z",
          "Filters": [
            {
              "Name": "Zanetti",
              "Term": "Zanetti",
              "ExtraOutputFields": {},
              "Min": null,
              "Max": null,
              "Applied": false,
              "Count": 5,
              "Statement": null,
              "DisplayCoachMarks": false
            }
          ]
        }
      ],
      "State": "Closed",
      "Rank": 1,
      "AdditionalResults": false,
      "DesignType": "Default",
      "ShowFilter": true,
      "Statement": null,
      "DisplayCoachMarks": false
    },
    {
      "Name": "Allergens",
      "DisplayName": "Allergens",
      "Type": "Multi",
      "FilterType": "Term",
      "FilterDataType": "String",
      "Results": null,
      "ResultsGrouped": [
        {
          "Alphabet": "0-9",
          "Filters": []
        },
        {
          "Alphabet": "A",
          "Filters": []
        },
        {
          "Alphabet": "B",
          "Filters": []
        },
        {
          "Alphabet": "C",
          "Filters": [
            {
              "Name": "Crustacea Free",
              "Term": "Crustacea Free",
              "ExtraOutputFields": {},
              "Min": null,
              "Max": null,
              "Applied": false,
              "Count": 1,
              "Statement": null,
              "DisplayCoachMarks": false
            }
          ]
        },
        {
          "Alphabet": "D",
          "Filters": [
            {
              "Name": "Dairy Free",
              "Term": "Dairy Free",
              "ExtraOutputFields": {},
              "Min": null,
              "Max": null,
              "Applied": false,
              "Count": 296,
              "Statement": null,
              "DisplayCoachMarks": false
            }
          ]
        },
        {
          "Alphabet": "E",
          "Filters": [
            {
              "Name": "Egg Free",
              "Term": "Egg Free",
              "ExtraOutputFields": {},
              "Min": null,
              "Max": null,
              "Applied": false,
              "Count": 1199,
              "Statement": null,
              "DisplayCoachMarks": false
            }
          ]
        },
        {
          "Alphabet": "F",
          "Filters": [
            {
              "Name": "Fish Free",
              "Term": "Fish Free",
              "ExtraOutputFields": {},
              "Min": null,
              "Max": null,
              "Applied": false,
              "Count": 1352,
              "Statement": null,
              "DisplayCoachMarks": false
            }
          ]
        },
        {
          "Alphabet": "G",
          "Filters": [
            {
              "Name": "Gluten Free",
              "Term": "Gluten Free",
              "ExtraOutputFields": {},
              "Min": null,
              "Max": null,
              "Applied": false,
              "Count": 1155,
              "Statement": null,
              "DisplayCoachMarks": false
            }
          ]
        },
        {
          "Alphabet": "H",
          "Filters": []
        },
        {
          "Alphabet": "I",
          "Filters": []
        },
        {
          "Alphabet": "J",
          "Filters": []
        },
        {
          "Alphabet": "K",
          "Filters": []
        },
        {
          "Alphabet": "L",
          "Filters": [
            {
              "Name": "Lactose Free",
              "Term": "Lactose Free",
              "ExtraOutputFields": {},
              "Min": null,
              "Max": null,
              "Applied": false,
              "Count": 332,
              "Statement": null,
              "DisplayCoachMarks": false
            },
            {
              "Name": "Lupin Free",
              "Term": "Lupin Free",
              "ExtraOutputFields": {},
              "Min": null,
              "Max": null,
              "Applied": false,
              "Count": 1460,
              "Statement": null,
              "DisplayCoachMarks": false
            }
          ]
        },
        {
          "Alphabet": "M",
          "Filters": []
        },
        {
          "Alphabet": "N",
          "Filters": [
            {
              "Name": "No Artificial Colours & Flavours",
              "Term": "No Artificial Colours & Flavours",
              "ExtraOutputFields": {},
              "Min": null,
              "Max": null,
              "Applied": false,
              "Count": 1,
              "Statement": null,
              "DisplayCoachMarks": false
            },
            {
              "Name": "No Artificial Colours or Flavours",
              "Term": "No Artificial Colours or Flavours",
              "ExtraOutputFields": {},
              "Min": null,
              "Max": null,
              "Applied": false,
              "Count": 701,
              "Statement": null,
              "DisplayCoachMarks": false
            },
            {
              "Name": "No Artificial Preservatives",
              "Term": "No Artificial Preservatives",
              "ExtraOutputFields": {},
              "Min": null,
              "Max": null,
              "Applied": false,
              "Count": 531,
              "Statement": null,
              "DisplayCoachMarks": false
            },
            {
              "Name": "No Peanuts",
              "Term": "No Peanuts",
              "ExtraOutputFields": {},
              "Min": null,
              "Max": null,
              "Applied": false,
              "Count": 8,
              "Statement": null,
              "DisplayCoachMarks": false
            },
            {
              "Name": "No Tree Nuts",
              "Term": "No Tree Nuts",
              "ExtraOutputFields": {},
              "Min": null,
              "Max": null,
              "Applied": false,
              "Count": 6,
              "Statement": null,
              "DisplayCoachMarks": false
            }
          ]
        },
        {
          "Alphabet": "O",
          "Filters": []
        },
        {
          "Alphabet": "P",
          "Filters": []
        },
        {
          "Alphabet": "Q",
          "Filters": []
        },
        {
          "Alphabet": "R",
          "Filters": []
        },
        {
          "Alphabet": "S",
          "Filters": [
            {
              "Name": "Sesame Free",
              "Term": "Sesame Free",
              "ExtraOutputFields": {},
              "Min": null,
              "Max": null,
              "Applied": false,
              "Count": 1,
              "Statement": null,
              "DisplayCoachMarks": false
            },
            {
              "Name": "Soy Free",
              "Term": "Soy Free",
              "ExtraOutputFields": {},
              "Min": null,
              "Max": null,
              "Applied": false,
              "Count": 1112,
              "Statement": null,
              "DisplayCoachMarks": false
            },
            {
              "Name": "Sulphite Free",
              "Term": "Sulphite Free",
              "ExtraOutputFields": {},
              "Min": null,
              "Max": null,
              "Applied": false,
              "Count": 1,
              "Statement": null,
              "DisplayCoachMarks": false
            }
          ]
        },
        {
          "Alphabet": "T",
          "Filters": []
        },
        {
          "Alphabet": "U",
          "Filters": []
        },
        {
          "Alphabet": "V",
          "Filters": []
        },
        {
          "Alphabet": "W",
          "Filters": [
            {
              "Name": "Wheat Free",
              "Term": "Wheat Free",
              "ExtraOutputFields": {},
              "Min": null,
              "Max": null,
              "Applied": false,
              "Count": 1242,
              "Statement": null,
              "DisplayCoachMarks": false
            }
          ]
        },
        {
          "Alphabet": "X",
          "Filters": []
        },
        {
          "Alphabet": "Y",
          "Filters": []
        },
        {
          "Alphabet": "Z",
          "Filters": []
        }
      ],
      "State": "Closed",
      "Rank": 1,
      "AdditionalResults": false,
      "DesignType": "Default",
      "ShowFilter": true,
      "Statement": "Please always check the product label or enquire with the manufacturer before consuming. In Partnership with Spoon Guru. <a href=\" https://www.woolworths.com.au/shop/discover/healthy-eating/allergies-and-intolerances/filters\" target=\"_blank\">Find out more about our filters </a></span>",
      "DisplayCoachMarks": false
    },
    {
      "Name": "Lifestyle",
      "DisplayName": "Dietary and Lifestyle",
      "Type": "Multi",
      "FilterType": "Term",
      "FilterDataType": "String",
      "Results": null,
      "ResultsGrouped": [
        {
          "Alphabet": "0-9",
          "Filters": []
        },
        {
          "Alphabet": "A",
          "Filters": []
        },
        {
          "Alphabet": "B",
          "Filters": []
        },
        {
          "Alphabet": "C",
          "Filters": []
        },
        {
          "Alphabet": "D",
          "Filters": []
        },
        {
          "Alphabet": "E",
          "Filters": []
        },
        {
          "Alphabet": "F",
          "Filters": [
            {
              "Name": "Free Range",
              "Term": "Free Range",
              "ExtraOutputFields": {},
              "Min": null,
              "Max": null,
              "Applied": false,
              "Count": 11,
              "Statement": null,
              "DisplayCoachMarks": false
            }
          ]
        },
        {
          "Alphabet": "G",
          "Filters": [
            {
              "Name": "Gluten Free",
              "Term": "Gluten Free",
              "ExtraOutputFields": {},
              "Min": null,
              "Max": null,
              "Applied": false,
              "Count": 1155,
              "Statement": null,
              "DisplayCoachMarks": false
            }
          ]
        },
        {
          "Alphabet": "H",
          "Filters": [
            {
              "Name": "Halal",
              "Term": "Halal",
              "ExtraOutputFields": {},
              "Min": null,
              "Max": null,
              "Applied": false,
              "Count": 131,
              "Statement": null,
              "DisplayCoachMarks": false
            },
            {
              "Name": "High Fibre",
              "Term": "High Fibre",
              "ExtraOutputFields": {},
              "Min": null,
              "Max": null,
              "Applied": false,
              "Count": 136,
              "Statement": null,
              "DisplayCoachMarks": false
            },
            {
              "Name": "High Protein",
              "Term": "High Protein",
              "ExtraOutputFields": {},
              "Min": null,
              "Max": null,
              "Applied": false,
              "Count": 347,
              "Statement": null,
              "DisplayCoachMarks": false
            }
          ]
        },
        {
          "Alphabet": "I",
          "Filters": []
        },
        {
          "Alphabet": "J",
          "Filters": []
        },
        {
          "Alphabet": "K",
          "Filters": [
            {
              "Name": "Kosher",
              "Term": "Kosher",
              "ExtraOutputFields": {},
              "Min": null,
              "Max": null,
              "Applied": false,
              "Count": 99,
              "Statement": null,
              "DisplayCoachMarks": false
            }
          ]
        },
        {
          "Alphabet": "L",
          "Filters": [
            {
              "Name": "Low Fat",
              "Term": "Low Fat",
              "ExtraOutputFields": {},
              "Min": null,
              "Max": null,
              "Applied": false,
              "Count": 316,
              "Statement": null,
              "DisplayCoachMarks": false
            },
            {
              "Name": "Low Salt",
              "Term": "Low Salt",
              "ExtraOutputFields": {},
              "Min": null,
              "Max": null,
              "Applied": false,
              "Count": 585,
              "Statement": null,
              "DisplayCoachMarks": false
            },
            {
              "Name": "Low Saturated Fat",
              "Term": "Low Saturated Fat",
              "ExtraOutputFields": {},
              "Min": null,
              "Max": null,
              "Applied": false,
              "Count": 192,
              "Statement": null,
              "DisplayCoachMarks": false
            },
            {
              "Name": "Low Sugar",
              "Term": "Low Sugar",
              "ExtraOutputFields": {},
              "Min": null,
              "Max": null,
              "Applied": false,
              "Count": 978,
              "Statement": null,
              "DisplayCoachMarks": false
            }
          ]
        },
        {
          "Alphabet": "M",
          "Filters": []
        },
        {
          "Alphabet": "N",
          "Filters": []
        },
        {
          "Alphabet": "O",
          "Filters": [
            {
              "Name": "Organic",
              "Term": "Organic",
              "ExtraOutputFields": {},
              "Min": null,
              "Max": null,
              "Applied": false,
              "Count": 53,
              "Statement": null,
              "DisplayCoachMarks": false
            }
          ]
        },
        {
          "Alphabet": "P",
          "Filters": []
        },
        {
          "Alphabet": "Q",
          "Filters": []
        },
        {
          "Alphabet": "R",
          "Filters": []
        },
        {
          "Alphabet": "S",
          "Filters": [
            {
              "Name": "Source of Calcium",
              "Term": "Source of Calcium",
              "ExtraOutputFields": {},
              "Min": null,
              "Max": null,
              "Applied": false,
              "Count": 731,
              "Statement": null,
              "DisplayCoachMarks": false
            },
            {
              "Name": "Source of Fibre",
              "Term": "Source of Fibre",
              "ExtraOutputFields": {},
              "Min": null,
              "Max": null,
              "Applied": false,
              "Count": 261,
              "Statement": null,
              "DisplayCoachMarks": false
            },
            {
              "Name": "Source of Iron",
              "Term": "Source of Iron",
              "ExtraOutputFields": {},
              "Min": null,
              "Max": null,
              "Applied": false,
              "Count": 78,
              "Statement": null,
              "DisplayCoachMarks": false
            },
            {
              "Name": "Source of Protein",
              "Term": "Source of Protein",
              "ExtraOutputFields": {},
              "Min": null,
              "Max": null,
              "Applied": false,
              "Count": 826,
              "Statement": null,
              "DisplayCoachMarks": false
            },
            {
              "Name": "Sustainably Sourced",
              "Term": "Sustainably Sourced",
              "ExtraOutputFields": {},
              "Min": null,
              "Max": null,
              "Applied": false,
              "Count": 5,
              "Statement": null,
              "DisplayCoachMarks": false
            }
          ]
        },
        {
          "Alphabet": "T",
          "Filters": []
        },
        {
          "Alphabet": "U",
          "Filters": []
        },
        {
          "Alphabet": "V",
          "Filters": [
            {
              "Name": "Vegan",
              "Term": "Vegan",
              "ExtraOutputFields": {},
              "Min": null,
              "Max": null,
              "Applied": false,
              "Count": 245,
              "Statement": null,
              "DisplayCoachMarks": false
            },
            {
              "Name": "Vegetarian",
              "Term": "Vegetarian",
              "ExtraOutputFields": {},
              "Min": null,
              "Max": null,
              "Applied": false,
              "Count": 946,
              "Statement": null,
              "DisplayCoachMarks": false
            }
          ]
        },
        {
          "Alphabet": "W",
          "Filters": [
            {
              "Name": "Wholegrain",
              "Term": "Wholegrain",
              "ExtraOutputFields": {},
              "Min": null,
              "Max": null,
              "Applied": false,
              "Count": 1,
              "Statement": null,
              "DisplayCoachMarks": false
            }
          ]
        },
        {
          "Alphabet": "X",
          "Filters": []
        },
        {
          "Alphabet": "Y",
          "Filters": []
        },
        {
          "Alphabet": "Z",
          "Filters": []
        }
      ],
      "State": "Closed",
      "Rank": 1,
      "AdditionalResults": false,
      "DesignType": "Default",
      "ShowFilter": true,
      "Statement": "Please always check the product label or enquire with the manufacturer before consuming. In Partnership with Spoon Guru. <a href=\" https://www.woolworths.com.au/shop/discover/healthy-eating/allergies-and-intolerances/filters\" target=\"_blank\">Find out more about our filters </a></span>",
      "DisplayCoachMarks": false
    },
    {
      "Name": "Healthstar",
      "DisplayName": "Health Star Rating",
      "Type": "Multi",
      "FilterType": "Term",
      "FilterDataType": "String",
      "Results": null,
      "ResultsGrouped": [
        {
          "Alphabet": "0-9",
          "Filters": [
            {
              "Name": "1-star",
              "Term": "1-star",
              "ExtraOutputFields": {},
              "Min": null,
              "Max": null,
              "Applied": false,
              "Count": 35,
              "Statement": null,
              "DisplayCoachMarks": false
            },
            {
              "Name": "2-star",
              "Term": "2-star",
              "ExtraOutputFields": {},
              "Min": null,
              "Max": null,
              "Applied": false,
              "Count": 44,
              "Statement": null,
              "DisplayCoachMarks": false
            },
            {
              "Name": "3-star",
              "Term": "3-star",
              "ExtraOutputFields": {},
              "Min": null,
              "Max": null,
              "Applied": false,
              "Count": 153,
              "Statement": null,
              "DisplayCoachMarks": false
            },
            {
              "Name": "4-star",
              "Term": "4-star",
              "ExtraOutputFields": {},
              "Min": null,
              "Max": null,
              "Applied": false,
              "Count": 153,
              "Statement": null,
              "DisplayCoachMarks": false
            },
            {
              "Name": "5-star",
              "Term": "5-star",
              "ExtraOutputFields": {},
              "Min": null,
              "Max": null,
              "Applied": false,
              "Count": 57,
              "Statement": null,
              "DisplayCoachMarks": false
            }
          ]
        },
        {
          "Alphabet": "A",
          "Filters": []
        },
        {
          "Alphabet": "B",
          "Filters": []
        },
        {
          "Alphabet": "C",
          "Filters": []
        },
        {
          "Alphabet": "D",
          "Filters": []
        },
        {
          "Alphabet": "E",
          "Filters": []
        },
        {
          "Alphabet": "F",
          "Filters": []
        },
        {
          "Alphabet": "G",
          "Filters": []
        },
        {
          "Alphabet": "H",
          "Filters": []
        },
        {
          "Alphabet": "I",
          "Filters": []
        },
        {
          "Alphabet": "J",
          "Filters": []
        },
        {
          "Alphabet": "K",
          "Filters": []
        },
        {
          "Alphabet": "L",
          "Filters": []
        },
        {
          "Alphabet": "M",
          "Filters": []
        },
        {
          "Alphabet": "N",
          "Filters": []
        },
        {
          "Alphabet": "O",
          "Filters": []
        },
        {
          "Alphabet": "P",
          "Filters": []
        },
        {
          "Alphabet": "Q",
          "Filters": []
        },
        {
          "Alphabet": "R",
          "Filters": []
        },
        {
          "Alphabet": "S",
          "Filters": []
        },
        {
          "Alphabet": "T",
          "Filters": []
        },
        {
          "Alphabet": "U",
          "Filters": []
        },
        {
          "Alphabet": "V",
          "Filters": []
        },
        {
          "Alphabet": "W",
          "Filters": []
        },
        {
          "Alphabet": "X",
          "Filters": []
        },
        {
          "Alphabet": "Y",
          "Filters": []
        },
        {
          "Alphabet": "Z",
          "Filters": []
        }
      ],
      "State": "Closed",
      "Rank": 1,
      "AdditionalResults": false,
      "DesignType": "Default",
      "ShowFilter": true,
      "Statement": null,
      "DisplayCoachMarks": false
    },
    {
      "Name": "Category",
      "DisplayName": "Categories",
      "Type": "Multi",
      "FilterType": "Term",
      "FilterDataType": "String",
      "Results": [
        {
          "Name": "1_6E4F4E4",
          "Term": "1_6E4F4E4",
          "ExtraOutputFields": {
            "description": "Dairy, Eggs & Fridge",
            "nodelevel": 1,
            "displayorder": 4,
            "parentnodeid": null
          },
          "Min": null,
          "Max": null,
          "Applied": false,
          "Count": 1862,
          "Statement": null,
          "DisplayCoachMarks": false
        },
        {
          "Name": "1_B7EF010",
          "Term": "1_B7EF010",
          "ExtraOutputFields": {
            "description": "Cheese",
            "nodelevel": 2,
            "displayorder": 59,
            "parentnodeid": "1_6E4F4E4"
          },
          "Min": null,
          "Max": null,
          "Applied": false,
          "Count": 471,
          "Statement": null,
          "DisplayCoachMarks": false
        },
        {
          "Name": "1_AC76873",
          "Term": "1_AC76873",
          "ExtraOutputFields": {
            "description": "Yoghurt",
            "nodelevel": 2,
            "displayorder": 61,
            "parentnodeid": "1_6E4F4E4"
          },
          "Min": null,
          "Max": null,
          "Applied": false,
          "Count": 339,
          "Statement": null,
          "DisplayCoachMarks": false
        },
        {
          "Name": "1_2FBF4AF",
          "Term": "1_2FBF4AF",
          "ExtraOutputFields": {
            "description": "Entertaining Cheese",
            "nodelevel": 3,
            "displayorder": 605,
            "parentnodeid": "1_B7EF010"
          },
          "Min": null,
          "Max": null,
          "Applied": false,
          "Count": 330,
          "Statement": null,
          "DisplayCoachMarks": false
        },
        {
          "Name": "1_D5A2236",
          "Term": "1_D5A2236",
          "ExtraOutputFields": {
            "description": "Meat, Seafood & Deli",
            "nodelevel": 1,
            "displayorder": 2,
            "parentnodeid": null
          },
          "Min": null,
          "Max": null,
          "Applied": false,
          "Count": 302,
          "Statement": null,
          "DisplayCoachMarks": false
        },
        {
          "Name": "1_0349B31",
          "Term": "1_0349B31",
          "ExtraOutputFields": {
            "description": "Deli Specialities",
            "nodelevel": 2,
            "displayorder": 125,
            "parentnodeid": "1_D5A2236"
          },
          "Min": null,
          "Max": null,
          "Applied": false,
          "Count": 300,
          "Statement": null,
          "DisplayCoachMarks": false
        },
        {
          "Name": "1_626AB17",
          "Term": "1_626AB17",
          "ExtraOutputFields": {
            "description": "Ready to Eat Meals",
            "nodelevel": 2,
            "displayorder": 66,
            "parentnodeid": "1_6E4F4E4"
          },
          "Min": null,
          "Max": null,
          "Applied": false,
          "Count": 294,
          "Statement": null,
          "DisplayCoachMarks": false
        },
        {
          "Name": "1_985493C",
          "Term": "1_985493C",
          "ExtraOutputFields": {
            "description": "Gourmet Cheese",
            "nodelevel": 3,
            "displayorder": 155,
            "parentnodeid": "1_0349B31"
          },
          "Min": null,
          "Max": null,
          "Applied": false,
          "Count": 250,
          "Statement": null,
          "DisplayCoachMarks": false
        },
        {
          "Name": "1_223D9D6",
          "Term": "1_223D9D6",
          "ExtraOutputFields": {
            "description": "Milk",
            "nodelevel": 2,
            "displayorder": 60,
            "parentnodeid": "1_6E4F4E4"
          },
          "Min": null,
          "Max": null,
          "Applied": false,
          "Count": 247,
          "Statement": null,
          "DisplayCoachMarks": false
        },
        {
          "Name": "1_552B26B",
          "Term": "1_552B26B",
          "ExtraOutputFields": {
            "description": "Flavoured Yoghurt",
            "nodelevel": 3,
            "displayorder": 575,
            "parentnodeid": "1_AC76873"
          },
          "Min": null,
          "Max": null,
          "Applied": false,
          "Count": 214,
          "Statement": null,
          "DisplayCoachMarks": false
        },
        {
          "Name": "1_C4BB750",
          "Term": "1_C4BB750",
          "ExtraOutputFields": {
            "description": "Easter",
            "nodelevel": 1,
            "displayorder": 14,
            "parentnodeid": null
          },
          "Min": null,
          "Max": null,
          "Applied": false,
          "Count": 210,
          "Statement": null,
          "DisplayCoachMarks": false
        },
        {
          "Name": "1_A4E3313",
          "Term": "1_A4E3313",
          "ExtraOutputFields": {
            "description": "Chilled Ready Meals",
            "nodelevel": 3,
            "displayorder": 367,
            "parentnodeid": "1_626AB17"
          },
          "Min": null,
          "Max": null,
          "Applied": false,
          "Count": 138,
          "Statement": null,
          "DisplayCoachMarks": false
        },
        {
          "Name": "1_DCDA127",
          "Term": "1_DCDA127",
          "ExtraOutputFields": {
            "description": "Entertaining",
            "nodelevel": 2,
            "displayorder": 115,
            "parentnodeid": "1_C4BB750"
          },
          "Min": null,
          "Max": null,
          "Applied": false,
          "Count": 136,
          "Statement": null,
          "DisplayCoachMarks": false
        },
        {
          "Name": "1_D2B0685",
          "Term": "1_D2B0685",
          "ExtraOutputFields": {
            "description": "Dips & Pate",
            "nodelevel": 2,
            "displayorder": 64,
            "parentnodeid": "1_6E4F4E4"
          },
          "Min": null,
          "Max": null,
          "Applied": false,
          "Count": 135,
          "Statement": null,
          "DisplayCoachMarks": false
        },
        {
          "Name": "1_78FBFC0",
          "Term": "1_78FBFC0",
          "ExtraOutputFields": {
            "description": "Dips",
            "nodelevel": 3,
            "displayorder": 711,
            "parentnodeid": "1_D2B0685"
          },
          "Min": null,
          "Max": null,
          "Applied": false,
          "Count": 131,
          "Statement": null,
          "DisplayCoachMarks": false
        },
        {
          "Name": "1_85274A0",
          "Term": "1_85274A0",
          "ExtraOutputFields": {
            "description": "Eggs, Butter & Margarine",
            "nodelevel": 2,
            "displayorder": 63,
            "parentnodeid": "1_6E4F4E4"
          },
          "Min": null,
          "Max": null,
          "Applied": false,
          "Count": 112,
          "Statement": null,
          "DisplayCoachMarks": false
        },
        {
          "Name": "1_75F8665",
          "Term": "1_75F8665",
          "ExtraOutputFields": {
            "description": "Butter & Margarine",
            "nodelevel": 3,
            "displayorder": 464,
            "parentnodeid": "1_85274A0"
          },
          "Min": null,
          "Max": null,
          "Applied": false,
          "Count": 103,
          "Statement": null,
          "DisplayCoachMarks": false
        },
        {
          "Name": "1_C11A711",
          "Term": "1_C11A711",
          "ExtraOutputFields": {
            "description": "Low & No Fat Yoghurt",
            "nodelevel": 3,
            "displayorder": 576,
            "parentnodeid": "1_AC76873"
          },
          "Min": null,
          "Max": null,
          "Applied": false,
          "Count": 101,
          "Statement": null,
          "DisplayCoachMarks": false
        },
        {
          "Name": "1_13B343A",
          "Term": "1_13B343A",
          "ExtraOutputFields": {
            "description": "Lunch Box",
            "nodelevel": 2,
            "displayorder": 70,
            "parentnodeid": "1_6E4F4E4"
          },
          "Min": null,
          "Max": null,
          "Applied": false,
          "Count": 97,
          "Statement": null,
          "DisplayCoachMarks": false
        },
        {
          "Name": "1_825BAF8",
          "Term": "1_825BAF8",
          "ExtraOutputFields": {
            "description": "Cooking Cheese",
            "nodelevel": 3,
            "displayorder": 608,
            "parentnodeid": "1_B7EF010"
          },
          "Min": null,
          "Max": null,
          "Applied": false,
          "Count": 96,
          "Statement": null,
          "DisplayCoachMarks": false
        },
        {
          "Name": "1_00ED79B",
          "Term": "1_00ED79B",
          "ExtraOutputFields": {
            "description": "Vegetarian & Vegan",
            "nodelevel": 2,
            "displayorder": 68,
            "parentnodeid": "1_6E4F4E4"
          },
          "Min": null,
          "Max": null,
          "Applied": false,
          "Count": 93,
          "Statement": null,
          "DisplayCoachMarks": false
        },
        {
          "Name": "1_763A0AC",
          "Term": "1_763A0AC",
          "ExtraOutputFields": {
            "description": "Snacking Cheese",
            "nodelevel": 3,
            "displayorder": 607,
            "parentnodeid": "1_B7EF010"
          },
          "Min": null,
          "Max": null,
          "Applied": false,
          "Count": 93,
          "Statement": null,
          "DisplayCoachMarks": false
        },
        {
          "Name": "1_27854C9",
          "Term": "1_27854C9",
          "ExtraOutputFields": {
            "description": "Soy & Speciality Milk",
            "nodelevel": 3,
            "displayorder": 236,
            "parentnodeid": "1_223D9D6"
          },
          "Min": null,
          "Max": null,
          "Applied": false,
          "Count": 91,
          "Statement": null,
          "DisplayCoachMarks": false
        },
        {
          "Name": "1_5AF3A0A",
          "Term": "1_5AF3A0A",
          "ExtraOutputFields": {
            "description": "Drinks",
            "nodelevel": 1,
            "displayorder": 7,
            "parentnodeid": null
          },
          "Min": null,
          "Max": null,
          "Applied": false,
          "Count": 91,
          "Statement": null,
          "DisplayCoachMarks": false
        },
        {
          "Name": "1_787944C",
          "Term": "1_787944C",
          "ExtraOutputFields": {
            "description": "Packaged Salads & Sides",
            "nodelevel": 3,
            "displayorder": 369,
            "parentnodeid": "1_626AB17"
          },
          "Min": null,
          "Max": null,
          "Applied": false,
          "Count": 90,
          "Statement": null,
          "DisplayCoachMarks": false
        },
        {
          "Name": "1_2DDBF53",
          "Term": "1_2DDBF53",
          "ExtraOutputFields": {
            "description": "Vegetarian & Meat Free",
            "nodelevel": 3,
            "displayorder": 152,
            "parentnodeid": "1_00ED79B"
          },
          "Min": null,
          "Max": null,
          "Applied": false,
          "Count": 88,
          "Statement": null,
          "DisplayCoachMarks": false
        },
        {
          "Name": "1_5B3E600",
          "Term": "1_5B3E600",
          "ExtraOutputFields": {
            "description": "Flavoured Milk",
            "nodelevel": 3,
            "displayorder": 237,
            "parentnodeid": "1_223D9D6"
          },
          "Min": null,
          "Max": null,
          "Applied": false,
          "Count": 87,
          "Statement": null,
          "DisplayCoachMarks": false
        },
        {
          "Name": "1_E872E7C",
          "Term": "1_E872E7C",
          "ExtraOutputFields": {
            "description": "Long Life Milk",
            "nodelevel": 3,
            "displayorder": 238,
            "parentnodeid": "1_223D9D6"
          },
          "Min": null,
          "Max": null,
          "Applied": false,
          "Count": 87,
          "Statement": null,
          "DisplayCoachMarks": false
        },
        {
          "Name": "1_91794DD",
          "Term": "1_91794DD",
          "ExtraOutputFields": {
            "description": "Cream, Custard & Desserts",
            "nodelevel": 2,
            "displayorder": 62,
            "parentnodeid": "1_6E4F4E4"
          },
          "Min": null,
          "Max": null,
          "Applied": false,
          "Count": 85,
          "Statement": null,
          "DisplayCoachMarks": false
        },
        {
          "Name": "1_159A4FB",
          "Term": "1_159A4FB",
          "ExtraOutputFields": {
            "description": "Long Life Milk",
            "nodelevel": 2,
            "displayorder": 54,
            "parentnodeid": "1_5AF3A0A"
          },
          "Min": null,
          "Max": null,
          "Applied": false,
          "Count": 84,
          "Statement": null,
          "DisplayCoachMarks": false
        },
        {
          "Name": "1_D3D428B",
          "Term": "1_D3D428B",
          "ExtraOutputFields": {
            "description": "Fresh Pasta & Sauces",
            "nodelevel": 2,
            "displayorder": 67,
            "parentnodeid": "1_6E4F4E4"
          },
          "Min": null,
          "Max": null,
          "Applied": false,
          "Count": 80,
          "Statement": null,
          "DisplayCoachMarks": false
        },
        {
          "Name": "1_C9FB16E",
          "Term": "1_C9FB16E",
          "ExtraOutputFields": {
            "description": "Plant-based Alternatives",
            "nodelevel": 3,
            "displayorder": 664,
            "parentnodeid": "1_CBB2A83"
          },
          "Min": null,
          "Max": null,
          "Applied": false,
          "Count": 74,
          "Statement": null,
          "DisplayCoachMarks": false
        },
        {
          "Name": "1_CBB2A83",
          "Term": "1_CBB2A83",
          "ExtraOutputFields": {
            "description": "Vegetarian & Vegan",
            "nodelevel": 2,
            "displayorder": 119,
            "parentnodeid": "1_C4BB750"
          },
          "Min": null,
          "Max": null,
          "Applied": false,
          "Count": 74,
          "Statement": null,
          "DisplayCoachMarks": false
        },
        {
          "Name": "1_3AE8E17",
          "Term": "1_3AE8E17",
          "ExtraOutputFields": {
            "description": "Cheese & Crackers",
            "nodelevel": 3,
            "displayorder": 734,
            "parentnodeid": "1_DCDA127"
          },
          "Min": null,
          "Max": null,
          "Applied": false,
          "Count": 70,
          "Statement": null,
          "DisplayCoachMarks": false
        },
        {
          "Name": "1_33811EB",
          "Term": "1_33811EB",
          "ExtraOutputFields": {
            "description": "Fresh Pasta & Noodles",
            "nodelevel": 3,
            "displayorder": 713,
            "parentnodeid": "1_D3D428B"
          },
          "Min": null,
          "Max": null,
          "Applied": false,
          "Count": 66,
          "Statement": null,
          "DisplayCoachMarks": false
        },
        {
          "Name": "1_7039540",
          "Term": "1_7039540",
          "ExtraOutputFields": {
            "description": "Soft Cheese",
            "nodelevel": 3,
            "displayorder": 606,
            "parentnodeid": "1_B7EF010"
          },
          "Min": null,
          "Max": null,
          "Applied": false,
          "Count": 63,
          "Statement": null,
          "DisplayCoachMarks": false
        },
        {
          "Name": "1_E94D884",
          "Term": "1_E94D884",
          "ExtraOutputFields": {
            "description": "Greek & Natural Yoghurt",
            "nodelevel": 3,
            "displayorder": 574,
            "parentnodeid": "1_AC76873"
          },
          "Min": null,
          "Max": null,
          "Applied": false,
          "Count": 60,
          "Statement": null,
          "DisplayCoachMarks": false
        },
        {
          "Name": "1-E5BEE36E",
          "Term": "1-E5BEE36E",
          "ExtraOutputFields": {
            "description": "Fruit & Veg",
            "nodelevel": 1,
            "displayorder": 1,
            "parentnodeid": null
          },
          "Min": null,
          "Max": null,
          "Applied": false,
          "Count": 58,
          "Statement": null,
          "DisplayCoachMarks": false
        },
        {
          "Name": "1_2684504",
          "Term": "1_2684504",
          "ExtraOutputFields": {
            "description": "Salad",
            "nodelevel": 2,
            "displayorder": 17,
            "parentnodeid": "1-E5BEE36E"
          },
          "Min": null,
          "Max": null,
          "Applied": false,
          "Count": 56,
          "Statement": null,
          "DisplayCoachMarks": false
        },
        {
          "Name": "1_B810788",
          "Term": "1_B810788",
          "ExtraOutputFields": {
            "description": "Baby & Kids Yoghurt",
            "nodelevel": 3,
            "displayorder": 577,
            "parentnodeid": "1_AC76873"
          },
          "Min": null,
          "Max": null,
          "Applied": false,
          "Count": 54,
          "Statement": null,
          "DisplayCoachMarks": false
        },
        {
          "Name": "1_39FD49C",
          "Term": "1_39FD49C",
          "ExtraOutputFields": {
            "description": "Pantry",
            "nodelevel": 1,
            "displayorder": 5,
            "parentnodeid": null
          },
          "Min": null,
          "Max": null,
          "Applied": false,
          "Count": 49,
          "Statement": null,
          "DisplayCoachMarks": false
        },
        {
          "Name": "1_914C9DE",
          "Term": "1_914C9DE",
          "ExtraOutputFields": {
            "description": "International Foods",
            "nodelevel": 2,
            "displayorder": 69,
            "parentnodeid": "1_6E4F4E4"
          },
          "Min": null,
          "Max": null,
          "Applied": false,
          "Count": 49,
          "Statement": null,
          "DisplayCoachMarks": false
        },
        {
          "Name": "1_51B71E6",
          "Term": "1_51B71E6",
          "ExtraOutputFields": {
            "description": "Dips & Pate",
            "nodelevel": 3,
            "displayorder": 741,
            "parentnodeid": "1_DCDA127"
          },
          "Min": null,
          "Max": null,
          "Applied": false,
          "Count": 47,
          "Statement": null,
          "DisplayCoachMarks": false
        },
        {
          "Name": "1_4003688",
          "Term": "1_4003688",
          "ExtraOutputFields": {
            "description": "Parmesan & Italian Cheese",
            "nodelevel": 3,
            "displayorder": 610,
            "parentnodeid": "1_B7EF010"
          },
          "Min": null,
          "Max": null,
          "Applied": false,
          "Count": 43,
          "Statement": null,
          "DisplayCoachMarks": false
        },
        {
          "Name": "1_29F8BC3",
          "Term": "1_29F8BC3",
          "ExtraOutputFields": {
            "description": "Chilled Pizza & Bread",
            "nodelevel": 3,
            "displayorder": 368,
            "parentnodeid": "1_626AB17"
          },
          "Min": null,
          "Max": null,
          "Applied": false,
          "Count": 40,
          "Statement": null,
          "DisplayCoachMarks": false
        },
        {
          "Name": "1_A37320F",
          "Term": "1_A37320F",
          "ExtraOutputFields": {
            "description": "Prepared Salads",
            "nodelevel": 3,
            "displayorder": 271,
            "parentnodeid": "1_2684504"
          },
          "Min": null,
          "Max": null,
          "Applied": false,
          "Count": 40,
          "Statement": null,
          "DisplayCoachMarks": false
        },
        {
          "Name": "1_F0612E0",
          "Term": "1_F0612E0",
          "ExtraOutputFields": {
            "description": "Dairy Snacks",
            "nodelevel": 3,
            "displayorder": 196,
            "parentnodeid": "1_13B343A"
          },
          "Min": null,
          "Max": null,
          "Applied": false,
          "Count": 39,
          "Statement": null,
          "DisplayCoachMarks": false
        },
        {
          "Name": "1_0234274",
          "Term": "1_0234274",
          "ExtraOutputFields": {
            "description": "Block Cheese",
            "nodelevel": 3,
            "displayorder": 602,
            "parentnodeid": "1_B7EF010"
          },
          "Min": null,
          "Max": null,
          "Applied": false,
          "Count": 37,
          "Statement": null,
          "DisplayCoachMarks": false
        },
        {
          "Name": "1_68976E6",
          "Term": "1_68976E6",
          "ExtraOutputFields": {
            "description": "Vegan",
            "nodelevel": 3,
            "displayorder": 153,
            "parentnodeid": "1_00ED79B"
          },
          "Min": null,
          "Max": null,
          "Applied": false,
          "Count": 32,
          "Statement": null,
          "DisplayCoachMarks": false
        },
        {
          "Name": "1_0DAD080",
          "Term": "1_0DAD080",
          "ExtraOutputFields": {
            "description": "Fetta & Goat's Cheese",
            "nodelevel": 3,
            "displayorder": 609,
            "parentnodeid": "1_B7EF010"
          },
          "Min": null,
          "Max": null,
          "Applied": false,
          "Count": 31,
          "Statement": null,
          "DisplayCoachMarks": false
        },
        {
          "Name": "1_6830C7C",
          "Term": "1_6830C7C",
          "ExtraOutputFields": {
            "description": "Cream",
            "nodelevel": 3,
            "displayorder": 507,
            "parentnodeid": "1_91794DD"
          },
          "Min": null,
          "Max": null,
          "Applied": false,
          "Count": 31,
          "Statement": null,
          "DisplayCoachMarks": false
        },
        {
          "Name": "1_4410EBD",
          "Term": "1_4410EBD",
          "ExtraOutputFields": {
            "description": "Healthier Dairy Snacks",
            "nodelevel": 3,
            "displayorder": 198,
            "parentnodeid": "1_13B343A"
          },
          "Min": null,
          "Max": null,
          "Applied": false,
          "Count": 29,
          "Statement": null,
          "DisplayCoachMarks": false
        },
        {
          "Name": "1_F67406E",
          "Term": "1_F67406E",
          "ExtraOutputFields": {
            "description": "Desserts",
            "nodelevel": 3,
            "displayorder": 509,
            "parentnodeid": "1_91794DD"
          },
          "Min": null,
          "Max": null,
          "Applied": false,
          "Count": 29,
          "Statement": null,
          "DisplayCoachMarks": false
        },
        {
          "Name": "1_9ADF8CF",
          "Term": "1_9ADF8CF",
          "ExtraOutputFields": {
            "description": "Custard",
            "nodelevel": 3,
            "displayorder": 508,
            "parentnodeid": "1_91794DD"
          },
          "Min": null,
          "Max": null,
          "Applied": false,
          "Count": 28,
          "Statement": null,
          "DisplayCoachMarks": false
        },
        {
          "Name": "1_CB9BC74",
          "Term": "1_CB9BC74",
          "ExtraOutputFields": {
            "description": "Chilled Asian",
            "nodelevel": 3,
            "displayorder": 503,
            "parentnodeid": "1_914C9DE"
          },
          "Min": null,
          "Max": null,
          "Applied": false,
          "Count": 28,
          "Statement": null,
          "DisplayCoachMarks": false
        },
        {
          "Name": "1_584FA04",
          "Term": "1_584FA04",
          "ExtraOutputFields": {
            "description": "Skim & Reduced Fat Milk",
            "nodelevel": 3,
            "displayorder": 235,
            "parentnodeid": "1_223D9D6"
          },
          "Min": null,
          "Max": null,
          "Applied": false,
          "Count": 27,
          "Statement": null,
          "DisplayCoachMarks": false
        },
        {
          "Name": "1_8635DF0",
          "Term": "1_8635DF0",
          "ExtraOutputFields": {
            "description": "Almond Milk",
            "nodelevel": 3,
            "displayorder": 200,
            "parentnodeid": "1_159A4FB"
          },
          "Min": null,
          "Max": null,
          "Applied": false,
          "Count": 27,
          "Statement": null,
          "DisplayCoachMarks": false
        },
        {
          "Name": "1_A8A8E7C",
          "Term": "1_A8A8E7C",
          "ExtraOutputFields": {
            "description": "Full Cream Milk",
            "nodelevel": 3,
            "displayorder": 234,
            "parentnodeid": "1_223D9D6"
          },
          "Min": null,
          "Max": null,
          "Applied": false,
          "Count": 27,
          "Statement": null,
          "DisplayCoachMarks": false
        },
        {
          "Name": "1_35E3CFE",
          "Term": "1_35E3CFE",
          "ExtraOutputFields": {
            "description": "Ricotta, Cottage & Cream Cheese",
            "nodelevel": 3,
            "displayorder": 611,
            "parentnodeid": "1_B7EF010"
          },
          "Min": null,
          "Max": null,
          "Applied": false,
          "Count": 26,
          "Statement": null,
          "DisplayCoachMarks": false
        },
        {
          "Name": "1_3E8B110",
          "Term": "1_3E8B110",
          "ExtraOutputFields": {
            "description": "Chilled Soup",
            "nodelevel": 3,
            "displayorder": 366,
            "parentnodeid": "1_626AB17"
          },
          "Min": null,
          "Max": null,
          "Applied": false,
          "Count": 25,
          "Statement": null,
          "DisplayCoachMarks": false
        },
        {
          "Name": "1_0842985",
          "Term": "1_0842985",
          "ExtraOutputFields": {
            "description": "Salads",
            "nodelevel": 3,
            "displayorder": 158,
            "parentnodeid": "1_0349B31"
          },
          "Min": null,
          "Max": null,
          "Applied": false,
          "Count": 24,
          "Statement": null,
          "DisplayCoachMarks": false
        },
        {
          "Name": "1_EA99491",
          "Term": "1_EA99491",
          "ExtraOutputFields": {
            "description": "Prepared Foods",
            "nodelevel": 3,
            "displayorder": 159,
            "parentnodeid": "1_0349B31"
          },
          "Min": null,
          "Max": null,
          "Applied": false,
          "Count": 23,
          "Statement": null,
          "DisplayCoachMarks": false
        },
        {
          "Name": "1_F94866A",
          "Term": "1_F94866A",
          "ExtraOutputFields": {
            "description": "Dairy Cheese",
            "nodelevel": 3,
            "displayorder": 197,
            "parentnodeid": "1_13B343A"
          },
          "Min": null,
          "Max": null,
          "Applied": false,
          "Count": 23,
          "Statement": null,
          "DisplayCoachMarks": false
        },
        {
          "Name": "1_96C6180",
          "Term": "1_96C6180",
          "ExtraOutputFields": {
            "description": "Grated Cheese",
            "nodelevel": 3,
            "displayorder": 604,
            "parentnodeid": "1_B7EF010"
          },
          "Min": null,
          "Max": null,
          "Applied": false,
          "Count": 22,
          "Statement": null,
          "DisplayCoachMarks": false
        },
        {
          "Name": "1_099FB37",
          "Term": "1_099FB37",
          "ExtraOutputFields": {
            "description": "Snacks & Confectionery",
            "nodelevel": 2,
            "displayorder": 34,
            "parentnodeid": "1_39FD49C"
          },
          "Min": null,
          "Max": null,
          "Applied": false,
          "Count": 20,
          "Statement": null,
          "DisplayCoachMarks": false
        },
        {
          "Name": "1_89BB9C0",
          "Term": "1_89BB9C0",
          "ExtraOutputFields": {
            "description": "Sliced Cheese",
            "nodelevel": 3,
            "displayorder": 603,
            "parentnodeid": "1_B7EF010"
          },
          "Min": null,
          "Max": null,
          "Applied": false,
          "Count": 20,
          "Statement": null,
          "DisplayCoachMarks": false
        },
        {
          "Name": "1_A454321",
          "Term": "1_A454321",
          "ExtraOutputFields": {
            "description": "Salads",
            "nodelevel": 3,
            "displayorder": 735,
            "parentnodeid": "1_DCDA127"
          },
          "Min": null,
          "Max": null,
          "Applied": false,
          "Count": 19,
          "Statement": null,
          "DisplayCoachMarks": false
        },
        {
          "Name": "1_D3FC80F",
          "Term": "1_D3FC80F",
          "ExtraOutputFields": {
            "description": "Chilled Kosher",
            "nodelevel": 3,
            "displayorder": 505,
            "parentnodeid": "1_914C9DE"
          },
          "Min": null,
          "Max": null,
          "Applied": false,
          "Count": 19,
          "Statement": null,
          "DisplayCoachMarks": false
        },
        {
          "Name": "1_96A982C",
          "Term": "1_96A982C",
          "ExtraOutputFields": {
            "description": "Soy Milk",
            "nodelevel": 3,
            "displayorder": 201,
            "parentnodeid": "1_159A4FB"
          },
          "Min": null,
          "Max": null,
          "Applied": false,
          "Count": 17,
          "Statement": null,
          "DisplayCoachMarks": false
        },
        {
          "Name": "1_9B30ADD",
          "Term": "1_9B30ADD",
          "ExtraOutputFields": {
            "description": "Lunch Box Snacks",
            "nodelevel": 3,
            "displayorder": 170,
            "parentnodeid": "1_099FB37"
          },
          "Min": null,
          "Max": null,
          "Applied": false,
          "Count": 17,
          "Statement": null,
          "DisplayCoachMarks": false
        },
        {
          "Name": "1_A28BC2C",
          "Term": "1_A28BC2C",
          "ExtraOutputFields": {
            "description": "Dips & Pâté",
            "nodelevel": 3,
            "displayorder": 154,
            "parentnodeid": "1_0349B31"
          },
          "Min": null,
          "Max": null,
          "Applied": false,
          "Count": 17,
          "Statement": null,
          "DisplayCoachMarks": false
        },
        {
          "Name": "1_175C55B",
          "Term": "1_175C55B",
          "ExtraOutputFields": {
            "description": "Salad Bags",
            "nodelevel": 3,
            "displayorder": 270,
            "parentnodeid": "1_2684504"
          },
          "Min": null,
          "Max": null,
          "Applied": false,
          "Count": 16,
          "Statement": null,
          "DisplayCoachMarks": false
        },
        {
          "Name": "1_7BA8B3A",
          "Term": "1_7BA8B3A",
          "ExtraOutputFields": {
            "description": "Dairy & Lactose Free Cheese",
            "nodelevel": 3,
            "displayorder": 612,
            "parentnodeid": "1_B7EF010"
          },
          "Min": null,
          "Max": null,
          "Applied": false,
          "Count": 16,
          "Statement": null,
          "DisplayCoachMarks": false
        },
        {
          "Name": "1_B016594",
          "Term": "1_B016594",
          "ExtraOutputFields": {
            "description": "Pasta Sauces",
            "nodelevel": 3,
            "displayorder": 714,
            "parentnodeid": "1_D3D428B"
          },
          "Min": null,
          "Max": null,
          "Applied": false,
          "Count": 14,
          "Statement": null,
          "DisplayCoachMarks": false
        },
        {
          "Name": "1_157EAE2",
          "Term": "1_157EAE2",
          "ExtraOutputFields": {
            "description": "Long Life Milk",
            "nodelevel": 3,
            "displayorder": 205,
            "parentnodeid": "1_159A4FB"
          },
          "Min": null,
          "Max": null,
          "Applied": false,
          "Count": 13,
          "Statement": null,
          "DisplayCoachMarks": false
        },
        {
          "Name": "1_6102D14",
          "Term": "1_6102D14",
          "ExtraOutputFields": {
            "description": "Lunch Box",
            "nodelevel": 2,
            "displayorder": 46,
            "parentnodeid": "1_39FD49C"
          },
          "Min": null,
          "Max": null,
          "Applied": false,
          "Count": 13,
          "Statement": null,
          "DisplayCoachMarks": false
        },
        {
          "Name": "1_6CCFC9C",
          "Term": "1_6CCFC9C",
          "ExtraOutputFields": {
            "description": "Spreads & Condiments",
            "nodelevel": 3,
            "displayorder": 348,
            "parentnodeid": "1_6102D14"
          },
          "Min": null,
          "Max": null,
          "Applied": false,
          "Count": 12,
          "Statement": null,
          "DisplayCoachMarks": false
        },
        {
          "Name": "1_6265F90",
          "Term": "1_6265F90",
          "ExtraOutputFields": {
            "description": "Salad & Veg",
            "nodelevel": 3,
            "displayorder": 590,
            "parentnodeid": "1_B435CE8"
          },
          "Min": null,
          "Max": null,
          "Applied": false,
          "Count": 10,
          "Statement": null,
          "DisplayCoachMarks": false
        },
        {
          "Name": "1_8BF8706",
          "Term": "1_8BF8706",
          "ExtraOutputFields": {
            "description": "Pate, Paste &  Caviar",
            "nodelevel": 3,
            "displayorder": 712,
            "parentnodeid": "1_D2B0685"
          },
          "Min": null,
          "Max": null,
          "Applied": false,
          "Count": 10,
          "Statement": null,
          "DisplayCoachMarks": false
        },
        {
          "Name": "1_B435CE8",
          "Term": "1_B435CE8",
          "ExtraOutputFields": {
            "description": "Lunch Box",
            "nodelevel": 2,
            "displayorder": 19,
            "parentnodeid": "1-E5BEE36E"
          },
          "Min": null,
          "Max": null,
          "Applied": false,
          "Count": 10,
          "Statement": null,
          "DisplayCoachMarks": false
        },
        {
          "Name": "1_1B0ADAF",
          "Term": "1_1B0ADAF",
          "ExtraOutputFields": {
            "description": "Oat & Rice Milk",
            "nodelevel": 3,
            "displayorder": 203,
            "parentnodeid": "1_159A4FB"
          },
          "Min": null,
          "Max": null,
          "Applied": false,
          "Count": 9,
          "Statement": null,
          "DisplayCoachMarks": false
        },
        {
          "Name": "1_7C17211",
          "Term": "1_7C17211",
          "ExtraOutputFields": {
            "description": "Eggs",
            "nodelevel": 3,
            "displayorder": 463,
            "parentnodeid": "1_85274A0"
          },
          "Min": null,
          "Max": null,
          "Applied": false,
          "Count": 9,
          "Statement": null,
          "DisplayCoachMarks": false
        },
        {
          "Name": "1_B7999C4",
          "Term": "1_B7999C4",
          "ExtraOutputFields": {
            "description": "Lactose Free",
            "nodelevel": 3,
            "displayorder": 199,
            "parentnodeid": "1_13B343A"
          },
          "Min": null,
          "Max": null,
          "Applied": false,
          "Count": 8,
          "Statement": null,
          "DisplayCoachMarks": false
        },
        {
          "Name": "1_23C59D3",
          "Term": "1_23C59D3",
          "ExtraOutputFields": {
            "description": "Canned Food & Instant Meals",
            "nodelevel": 2,
            "displayorder": 41,
            "parentnodeid": "1_39FD49C"
          },
          "Min": null,
          "Max": null,
          "Applied": false,
          "Count": 7,
          "Statement": null,
          "DisplayCoachMarks": false
        },
        {
          "Name": "1_4A12C8D",
          "Term": "1_4A12C8D",
          "ExtraOutputFields": {
            "description": "Powdered Milk",
            "nodelevel": 3,
            "displayorder": 202,
            "parentnodeid": "1_159A4FB"
          },
          "Min": null,
          "Max": null,
          "Applied": false,
          "Count": 7,
          "Statement": null,
          "DisplayCoachMarks": false
        },
        {
          "Name": "1_9C3BC60",
          "Term": "1_9C3BC60",
          "ExtraOutputFields": {
            "description": "Lactose Free Milk",
            "nodelevel": 3,
            "displayorder": 239,
            "parentnodeid": "1_223D9D6"
          },
          "Min": null,
          "Max": null,
          "Applied": false,
          "Count": 7,
          "Statement": null,
          "DisplayCoachMarks": false
        },
        {
          "Name": "1_DB1AE2F",
          "Term": "1_DB1AE2F",
          "ExtraOutputFields": {
            "description": "Muesli Bars & Snack Bars",
            "nodelevel": 3,
            "displayorder": 171,
            "parentnodeid": "1_099FB37"
          },
          "Min": null,
          "Max": null,
          "Applied": false,
          "Count": 7,
          "Statement": null,
          "DisplayCoachMarks": false
        },
        {
          "Name": "1_F4FDD26",
          "Term": "1_F4FDD26",
          "ExtraOutputFields": {
            "description": "Flavoured Milk",
            "nodelevel": 2,
            "displayorder": 53,
            "parentnodeid": "1_5AF3A0A"
          },
          "Min": null,
          "Max": null,
          "Applied": false,
          "Count": 7,
          "Statement": null,
          "DisplayCoachMarks": false
        },
        {
          "Name": "1_4FD30CF",
          "Term": "1_4FD30CF",
          "ExtraOutputFields": {
            "description": "Condensed & Evaporated Milk",
            "nodelevel": 3,
            "displayorder": 206,
            "parentnodeid": "1_159A4FB"
          },
          "Min": null,
          "Max": null,
          "Applied": false,
          "Count": 6,
          "Statement": null,
          "DisplayCoachMarks": false
        },
        {
          "Name": "1_62B7AA0",
          "Term": "1_62B7AA0",
          "ExtraOutputFields": {
            "description": "Packaged Bread & Bakery",
            "nodelevel": 2,
            "displayorder": 130,
            "parentnodeid": "1_DEB537E"
          },
          "Min": null,
          "Max": null,
          "Applied": false,
          "Count": 6,
          "Statement": null,
          "DisplayCoachMarks": false
        },
        {
          "Name": "1_7C1B44C",
          "Term": "1_7C1B44C",
          "ExtraOutputFields": {
            "description": "Pies & Quiches",
            "nodelevel": 3,
            "displayorder": 383,
            "parentnodeid": "1_62B7AA0"
          },
          "Min": null,
          "Max": null,
          "Applied": false,
          "Count": 6,
          "Statement": null,
          "DisplayCoachMarks": false
        },
        {
          "Name": "1_AD6D76A",
          "Term": "1_AD6D76A",
          "ExtraOutputFields": {
            "description": "Lactose Free Milk",
            "nodelevel": 3,
            "displayorder": 204,
            "parentnodeid": "1_159A4FB"
          },
          "Min": null,
          "Max": null,
          "Applied": false,
          "Count": 6,
          "Statement": null,
          "DisplayCoachMarks": false
        },
        {
          "Name": "1_DEB537E",
          "Term": "1_DEB537E",
          "ExtraOutputFields": {
            "description": "Bakery",
            "nodelevel": 1,
            "displayorder": 3,
            "parentnodeid": null
          },
          "Min": null,
          "Max": null,
          "Applied": false,
          "Count": 6,
          "Statement": null,
          "DisplayCoachMarks": false
        },
        {
          "Name": "1_F8EABB4",
          "Term": "1_F8EABB4",
          "ExtraOutputFields": {
            "description": "Condensed, Evaporated & Coconut Milk",
            "nodelevel": 3,
            "displayorder": 254,
            "parentnodeid": "1_23C59D3"
          },
          "Min": null,
          "Max": null,
          "Applied": false,
          "Count": 6,
          "Statement": null,
          "DisplayCoachMarks": false
        },
        {
          "Name": "1_0BEEEDF",
          "Term": "1_0BEEEDF",
          "ExtraOutputFields": {
            "description": "Kids Milk",
            "nodelevel": 3,
            "displayorder": 808,
            "parentnodeid": "1_F4FDD26"
          },
          "Min": null,
          "Max": null,
          "Applied": false,
          "Count": 5,
          "Statement": null,
          "DisplayCoachMarks": false
        },
        {
          "Name": "1_0663044",
          "Term": "1_0663044",
          "ExtraOutputFields": {
            "description": "Prepacked Vegetables",
            "nodelevel": 3,
            "displayorder": 561,
            "parentnodeid": "1_AC17EDD"
          },
          "Min": null,
          "Max": null,
          "Applied": false,
          "Count": 4,
          "Statement": null,
          "DisplayCoachMarks": false
        },
        {
          "Name": "1_AC17EDD",
          "Term": "1_AC17EDD",
          "ExtraOutputFields": {
            "description": "Vegetables",
            "nodelevel": 2,
            "displayorder": 16,
            "parentnodeid": "1-E5BEE36E"
          },
          "Min": null,
          "Max": null,
          "Applied": false,
          "Count": 4,
          "Statement": null,
          "DisplayCoachMarks": false
        },
        {
          "Name": "1_AF5E3AC",
          "Term": "1_AF5E3AC",
          "ExtraOutputFields": {
            "description": "Savoury Spread",
            "nodelevel": 3,
            "displayorder": 645,
            "parentnodeid": "1_C7A623D"
          },
          "Min": null,
          "Max": null,
          "Applied": false,
          "Count": 4,
          "Statement": null,
          "DisplayCoachMarks": false
        },
        {
          "Name": "1_C2E7913",
          "Term": "1_C2E7913",
          "ExtraOutputFields": {
            "description": "Specialty Dairy",
            "nodelevel": 2,
            "displayorder": 65,
            "parentnodeid": "1_6E4F4E4"
          },
          "Min": null,
          "Max": null,
          "Applied": false,
          "Count": 4,
          "Statement": null,
          "DisplayCoachMarks": false
        },
        {
          "Name": "1_C7A623D",
          "Term": "1_C7A623D",
          "ExtraOutputFields": {
            "description": "Breakfast & Spreads",
            "nodelevel": 2,
            "displayorder": 35,
            "parentnodeid": "1_39FD49C"
          },
          "Min": null,
          "Max": null,
          "Applied": false,
          "Count": 4,
          "Statement": null,
          "DisplayCoachMarks": false
        },
        {
          "Name": "1_83608CE",
          "Term": "1_83608CE",
          "ExtraOutputFields": {
            "description": "Sauce, Oil & Vinegar",
            "nodelevel": 2,
            "displayorder": 43,
            "parentnodeid": "1_39FD49C"
          },
          "Min": null,
          "Max": null,
          "Applied": false,
          "Count": 3,
          "Statement": null,
          "DisplayCoachMarks": false
        },
        {
          "Name": "1_D148483",
          "Term": "1_D148483",
          "ExtraOutputFields": {
            "description": "Gluten Free Dairy",
            "nodelevel": 3,
            "displayorder": 620,
            "parentnodeid": "1_C2E7913"
          },
          "Min": null,
          "Max": null,
          "Applied": false,
          "Count": 3,
          "Statement": null,
          "DisplayCoachMarks": false
        },
        {
          "Name": "1_E8136E3",
          "Term": "1_E8136E3",
          "ExtraOutputFields": {
            "description": "Pizza & Pasta Sauce",
            "nodelevel": 3,
            "displayorder": 442,
            "parentnodeid": "1_83608CE"
          },
          "Min": null,
          "Max": null,
          "Applied": false,
          "Count": 3,
          "Statement": null,
          "DisplayCoachMarks": false
        },
        {
          "Name": "1_130E433",
          "Term": "1_130E433",
          "ExtraOutputFields": {
            "description": "Gluten Free",
            "nodelevel": 3,
            "displayorder": 288,
            "parentnodeid": "1_3382FC2"
          },
          "Min": null,
          "Max": null,
          "Applied": false,
          "Count": 2,
          "Statement": null,
          "DisplayCoachMarks": false
        },
        {
          "Name": "1_3382FC2",
          "Term": "1_3382FC2",
          "ExtraOutputFields": {
            "description": "Frozen Gluten Free",
            "nodelevel": 2,
            "displayorder": 100,
            "parentnodeid": "1_ACA2FC2"
          },
          "Min": null,
          "Max": null,
          "Applied": false,
          "Count": 2,
          "Statement": null,
          "DisplayCoachMarks": false
        },
        {
          "Name": "1_51795E8",
          "Term": "1_51795E8",
          "ExtraOutputFields": {
            "description": "Drinks & Powders",
            "nodelevel": 3,
            "displayorder": 806,
            "parentnodeid": "1_F4FDD26"
          },
          "Min": null,
          "Max": null,
          "Applied": false,
          "Count": 2,
          "Statement": null,
          "DisplayCoachMarks": false
        },
        {
          "Name": "1_A50A55F",
          "Term": "1_A50A55F",
          "ExtraOutputFields": {
            "description": "Spaghetti",
            "nodelevel": 3,
            "displayorder": 593,
            "parentnodeid": "1_B5F8608"
          },
          "Min": null,
          "Max": null,
          "Applied": false,
          "Count": 2,
          "Statement": null,
          "DisplayCoachMarks": false
        },
        {
          "Name": "1_ACA2FC2",
          "Term": "1_ACA2FC2",
          "ExtraOutputFields": {
            "description": "Freezer",
            "nodelevel": 1,
            "displayorder": 6,
            "parentnodeid": null
          },
          "Min": null,
          "Max": null,
          "Applied": false,
          "Count": 2,
          "Statement": null,
          "DisplayCoachMarks": false
        },
        {
          "Name": "1_B5F8608",
          "Term": "1_B5F8608",
          "ExtraOutputFields": {
            "description": "Pasta, Rice & Grains",
            "nodelevel": 2,
            "displayorder": 42,
            "parentnodeid": "1_39FD49C"
          },
          "Min": null,
          "Max": null,
          "Applied": false,
          "Count": 2,
          "Statement": null,
          "DisplayCoachMarks": false
        },
        {
          "Name": "1_B680E29",
          "Term": "1_B680E29",
          "ExtraOutputFields": {
            "description": "Vegetarian & Meat Free",
            "nodelevel": 3,
            "displayorder": 371,
            "parentnodeid": "1_626AB17"
          },
          "Min": null,
          "Max": null,
          "Applied": false,
          "Count": 2,
          "Statement": null,
          "DisplayCoachMarks": false
        },
        {
          "Name": "1_C9C304A",
          "Term": "1_C9C304A",
          "ExtraOutputFields": {
            "description": "Carrots & Root Vegetables",
            "nodelevel": 3,
            "displayorder": 563,
            "parentnodeid": "1_AC17EDD"
          },
          "Min": null,
          "Max": null,
          "Applied": false,
          "Count": 2,
          "Statement": null,
          "DisplayCoachMarks": false
        },
        {
          "Name": "1_E2D285C",
          "Term": "1_E2D285C",
          "ExtraOutputFields": {
            "description": "Chilled Middle Eastern",
            "nodelevel": 3,
            "displayorder": 506,
            "parentnodeid": "1_914C9DE"
          },
          "Min": null,
          "Max": null,
          "Applied": false,
          "Count": 2,
          "Statement": null,
          "DisplayCoachMarks": false
        },
        {
          "Name": "1_03F7B3C",
          "Term": "1_03F7B3C",
          "ExtraOutputFields": {
            "description": "Potatoes & Pumpkins",
            "nodelevel": 3,
            "displayorder": 562,
            "parentnodeid": "1_AC17EDD"
          },
          "Min": null,
          "Max": null,
          "Applied": false,
          "Count": 1,
          "Statement": null,
          "DisplayCoachMarks": false
        },
        {
          "Name": "1_1A0F35E",
          "Term": "1_1A0F35E",
          "ExtraOutputFields": {
            "description": "Prepacked Seafood",
            "nodelevel": 3,
            "displayorder": 722,
            "parentnodeid": "1_D610306"
          },
          "Min": null,
          "Max": null,
          "Applied": false,
          "Count": 1,
          "Statement": null,
          "DisplayCoachMarks": false
        },
        {
          "Name": "1_525587C",
          "Term": "1_525587C",
          "ExtraOutputFields": {
            "description": "Canned & Packet Ready Meals",
            "nodelevel": 3,
            "displayorder": 255,
            "parentnodeid": "1_23C59D3"
          },
          "Min": null,
          "Max": null,
          "Applied": false,
          "Count": 1,
          "Statement": null,
          "DisplayCoachMarks": false
        },
        {
          "Name": "1_6074BC8",
          "Term": "1_6074BC8",
          "ExtraOutputFields": {
            "description": "Gluten Free",
            "nodelevel": 3,
            "displayorder": 350,
            "parentnodeid": "1_6102D14"
          },
          "Min": null,
          "Max": null,
          "Applied": false,
          "Count": 1,
          "Statement": null,
          "DisplayCoachMarks": false
        },
        {
          "Name": "1_6B75CAD",
          "Term": "1_6B75CAD",
          "ExtraOutputFields": {
            "description": "Oven Ready Meat",
            "nodelevel": 3,
            "displayorder": 702,
            "parentnodeid": "1_CED9B86"
          },
          "Min": null,
          "Max": null,
          "Applied": false,
          "Count": 1,
          "Statement": null,
          "DisplayCoachMarks": false
        },
        {
          "Name": "1_CED9B86",
          "Term": "1_CED9B86",
          "ExtraOutputFields": {
            "description": "Meat",
            "nodelevel": 2,
            "displayorder": 122,
            "parentnodeid": "1_D5A2236"
          },
          "Min": null,
          "Max": null,
          "Applied": false,
          "Count": 1,
          "Statement": null,
          "DisplayCoachMarks": false
        },
        {
          "Name": "1_D610306",
          "Term": "1_D610306",
          "ExtraOutputFields": {
            "description": "Seafood",
            "nodelevel": 2,
            "displayorder": 123,
            "parentnodeid": "1_D5A2236"
          },
          "Min": null,
          "Max": null,
          "Applied": false,
          "Count": 1,
          "Statement": null,
          "DisplayCoachMarks": false
        },
        {
          "Name": "1_D6FEFAF",
          "Term": "1_D6FEFAF",
          "ExtraOutputFields": {
            "description": "Organic Dairy & Eggs",
            "nodelevel": 3,
            "displayorder": 619,
            "parentnodeid": "1_C2E7913"
          },
          "Min": null,
          "Max": null,
          "Applied": false,
          "Count": 1,
          "Statement": null,
          "DisplayCoachMarks": false
        }
      ],
      "ResultsGrouped": null,
      "State": "Closed",
      "Rank": 1,
      "AdditionalResults": false,
      "DesignType": "Default",
      "ShowFilter": false,
      "Statement": null,
      "DisplayCoachMarks": false
    }
  ],
  "HasRewardsCard": true,
  "HasTobaccoItems": false,
  "Success": true
}